3025 4967
1027 412 1140 463 LXXIII

61 551 204 635 dormituri
215 550 289 615 libri
301 554 330 615 ot
344 548 478 631 epistole.
502 551 648 617 secuntur
668 550 778 615 deinde
798 550 900 617 libelli
915 552 941 615 I.
957 550 996 617 X.
1012 550 1067 615 XI.
1084 550 1139 615 IX.

34 645 35 648 ‘
63 662 373 741 minumum,
394 662 526 743 spuma
540 663 591 739 ce,
612 660 713 728 neem
729 663 766 727 v.
783 660 837 727 vn.
853 664 925 727 vnn.
941 664 984 741 11,
1006 661 1057 727 ue
1075 664 1141 727 ee-

61 775 194 855 oeteritate
206 773 395 853 elcrioem
410 771 460 839 De
469 773 626 837 omatibus
634 771 719 839 Sino
729 777 758 837 ct
769 772 847 839 Sion
858 774 1010 839 adromeus
1020 774 1140 855 ludos,

64 885 312 949 non'eeeriaeem
325 884 364 949 oo
378 884 523 950 areae
537 889 565 948 o
580 884 706 949 u‘oeoe
720 884 776 970 (ε
791 886 879 967 epist.
895 887 962 971 55),
979 885 1032 951 ne
1049 886 1143 951 noea

64 998 152 1059 eoem
169 998 356 1061 monetote
376 1000 430 1079 (=
444 998 535 1081 epist.
551 998 618 1082 58),
644 996 700 1061 Ad
714 996 877 1079 Mapoura
898 997 936 1062 dc
957 996 1008 1063 bis
1029 1000 1084 1079 qui
1105 1001 1144 1063 ire

63 1108 112 1171 lecte
130 1113 323 1173 coemeter
348 1110 433 1193 (inde
455 1107 727 1184 alimonialis:
750 1109 848 1174 altera
873 1128 944 1191 pars
969 1111 1059 1199 epist.
1075 1111 1142 1195 69),

64 1218 99 1282 Ad
116 1218 278 1295 Quirinum
308 1222 378 1307 (lib.
402 1223 427 1287 Ι.
454 1224 487 1287 et
508 1216 576 1307 IL).
605 1219 736 1287 alterius
765 1221 864 1303 partis
892 1221 1056 1305 inscriptio
1079 1224 1143 1289 est:

65 1333 193 1412 [κάμακι
205 1334 330 1414 emec
342 1332 453 1416 σκαιῇ
464 1333 616 1416 copreae
626 1316 689 1415 epi
690 1333 944 1415 anteponeres
963 1334 1145 1416 cofessae

64 1444 207 1509 inaniris
219 1444 403 1528 dipreissimi
413 1446 457 1511 ad
466 1444 647 1511 Corneliam
660 1432 898 1527 papdotprimo
909 1444 947 1509 de
957 1446 1145 1527 confessione

65 1554 168 1632 [debr.
188 1559 335 1623 secuntur
348 1557 499 1639 epistulae
513 1558 621 1622 eodem
635 1557 741 1623 ordine
756 1558 848 1638 atque
862 1557 895 1622 in
910 1557 1043 1622 editione
1059 1557 1145 1639 prin-

66 1667 116 1747 cipe,
128 1669 180 1733 nisi
193 1670 276 1751 qued
290 1668 426 1751 epistula
435 1669 479 1734 45
490 1686 590 1733 errore
604 1670 636 1734 et
651 1668 684 1732 in
698 1667 757 1762 fine
770 1667 931 1733 ltceeletie
945 1669 1060 1749 cepitis
1074 1686 1146 1734 eon·

65 1778 120 1842 edio
132 1780 162 1843 ut
176 1780 299 1847 uidetur
319 1780 452 1845 omissae
465 1780 547 1845 sunt.
568 1779 806 1845 tertiusnullum
821 1778 884 1845 lere
900 1779 1142 1845 emendationem

67 1893 172 1970 spedus
184 1895 231 1957 est
245 1893 303 1957 ant
313 1892 342 1957 si
353 1910 415 1974 qna
429 1890 633 1973 discrepantia
647 1891 804 1956 inuenitur
819 1892 900 1955 inter
914 1910 982 1957 cam
993 1893 1024 1956 et
1032 1890 1145 1957 Roma-

67 2018 121 2075 mn,
143 2003 323 2071 coniecturis
351 2021 413 2069 nou
441 2003 597 2069 codicibus
625 2004 703 2069 hanc
729 2004 833 2069 deberi
858 2004 929 2069 iude
954 2005 1040 2087 patet
1065 2005 1146 2087 qued

67 2128 91 2173 ue
105 2131 152 2176 una
170 2115 294 2195 quidem
315 2116 496 2180 lacunarum
519 2115 631 2197 quibus
654 2115 711 2183 ille
731 2114 799 2180 hiat
818 2116 960 2198 suppleta
983 2116 1038 2194 ost,
1066 2114 1147 2197 quod

68 2220 160 2288 durius
177 2225 227 2289 uel
247 2226 409 2291 deterrimi
429 2224 543 2291 codicis
562 2225 678 2291 auxilie
697 2226 784 2291 nullo
799 2226 922 2309 negotio
936 2226 1056 2309 peterat
1070 2226 1146 2292 fieri.

68 2331 161 2399 elbibui
173 2336 330 2420 exemplar
344 2336 426 2419 quod
441 2338 489 2402 ost
504 2338 537 2401 in
551 2336 742 2402 bibliotheca
756 2334 984 2402 vindebonensi
999 2339 1078 2422 sign.
1096 2340 1147 2405 25.

70 2442 89 2505 l.
100 2448 136 2510 13.
157 2448 250 2513 altera
272 2448 371 2515 editio
391 2466 417 2512 s.
432 2448 453 2513 l.
475 2450 509 2514 et
522 2468 550 2513 a.
574 2449 622 2513 est
644 2468 681 2514 ea
702 2468 780 2529 quae
795 2448 911 2513 Penzer
932 2446 965 2531 (l.
982 2468 1009 2515 e.
1025 2448 1070 2513 IV
1087 2450 1148 2514 119
1195 2464 1268 2507 neruo
1308 2479 1312 2489 ·

69 2558 156 2643 eloe)
176 2562 207 2624 et
219 2560 306 2625 Hain
332 2560 368 2644 (l.
384 2579 410 2625 c.
427 2560 488 2637 12,
511 2560 577 2624 220
595 2579 625 2624 n.
646 2558 745 2641 5894)
769 2560 946 2625 auctoribus
961 2533 1301 2643 Daueneuae⁰⁸¹¹⁰ss¹⁸l

69 2666 124 2731 eben
133 2689 238 2736 anuum
254 2673 338 2737 1477
354 2672 437 2753 apud
449 2671 538 2735 Rich.
552 2670 689 2736 Paffreet
702 2671 830 2754 prodiit.
849 2671 886 2735 de
901 2690 937 2735 eu
951 2670 1043 2754 paulo
1058 2690 1148 2738 accu-

69 2779 144 2856 ntiua
157 2782 189 2846 ut
199 2804 266 2849 eam
277 2802 375 2849 manu
388 2784 539 2848 emesae
554 2782 706 2860 uideatur,
723 2782 951 2848 Schoenemann
966 2782 1033 2867 agit
1046 2782 1126 2870 (Bib
1142 2832 1148 2847 .

69 2884 117 2953 tid.
129 2892 179 2958 litt.
190 2898 274 2974 potr.
291 2894 348 2959 lot.
365 2895 382 2959 Ι
399 2894 485 2976 109),
506 2894 560 2959 sed
579 2894 681 2959 nescio
702 2913 762 2976 quo
783 2912 855 2958 casu
875 2894 992 2959 lactum
1007 2894 1049 2958 sit
1063 2894 1099 2959 ut
1113 2892 1151 2959 de

70 3004 251 3072 sessionibus
265 3009 336 3073 eius
349 3007 440 3090 lenge
454 3006 649 3089 grauissimis
660 3006 740 3071 nibil
751 3006 909 3089 proferret.
927 3005 1038 3087 incipit
1050 3024 1152 3071 uereu

72 3108 162 3178 letale
178 3119 384 3183 materiarum
402 3116 606 3199 epistolmm
626 3117 708 3183 boati
725 3118 867 3199 cipriani
885 3118 1030 3182 muniris
1046 3135 1153 3181 socae

70 3220 123 3285 ineu
136 3228 267 3295 ordinem
286 3229 458 3310 alpheidi,
480 3248 572 3311 quern
592 3248 695 3294 rernm
716 3229 851 3295 indicem
872 3228 1010 3311 sequitur
1027 3228 1151 3293 Tuberte

71 3339 242 3405 dubiorum
263 3345 295 3406 et
320 3342 533 3407 testimenium
548 3340 604 3405 Ec
626 3341 704 3405 libro
725 3341 806 3405 boeti
827 3338 995 3406 iheronimi
1013 3341 1050 3405 cie
1069 3340 1155 3406 airis

73 3442 210 3515 decom
228 3453 266 3518 do
288 3454 376 3519 boeto
396 3453 554 3535 cipriane.
581 3452 689 3518 deinde
713 3453 896 3518 exhibentur
918 3452 1023 3518 eedem
1047 3452 1154 3518 ordine

72 3558 139 3637 ebus
154 3564 280 3631 editione
293 3566 435 3631 Romam
453 3566 577 3649 singule
596 3583 687 3647 opera
708 3566 834 3646 excepta
846 3565 889 3631 49
904 3556 1036 3646 epistula
1050 3562 1155 3630 emnia

75 3669 137 3733 buis
152 3673 247 3741 titulis
267 3676 322 3742 uel
342 3677 507 3742 titulorum
526 3676 592 3743 loco
613 3676 760 3741 breuibus
780 3676 969 3760 argumentis
991 3676 1153 3755 iniuncta,

76 3778 138 3845 uelut
153 3784 223 3851 liber
241 3786 293 3853 Dc
312 3787 539 3871 stapeluritotc
558 3788 741 3853 elericorum
760 3789 805 3853 sio
825 3786 1021 3852 inscribitur:
1051 3786 1155 3862 Quom

73 3892 242 3962 melonem
259 3899 302 3963 sit
321 3900 407 3963 ciris
419 3904 448 3963 ot
462 3898 599 3964 mocirrec
612 3899 733 3964 clericis
746 3900 939 3964 coaocrsotio
951 3898 1156 3981 feminarum.

39 3979 41 4044 l
77 4004 125 4075 ΡΜ
146 4008 225 4088 epist
249 4010 295 4076 40
319 4011 342 4076 i.
367 4030 394 4076 e.
419 4010 587 4094 epistulam
616 4010 760 4076 editionis
787 4010 939 4075 liemarum
967 4010 1157 4093 postremam

40 4137 41 4148 ¹
77 4119 214 4184 nouiter
231 4121 350 4187 inedita
369 4122 461 4187 haec:
483 4120 578 4188 Liber
592 4121 718 4186 LXXI
725 4121 759 4186 V.
781 4119 831 4187 Dc
850 4118 1026 4201 disciplina
1039 4124 1067 4184 et
1081 4120 1157 4184 beree

76 4222 202 4311 bellicio,
215 4231 308 4297 leber
317 4232 425 4298 LXX
432 4232 466 4297 V.
480 4232 535 4297 Ad
546 4233 769 4298 Nouetioreom
784 4230 950 4298 aaronica
965 4230 1046 4312 qood
1056 4230 1158 4311 lapsis

41 4367 42 4434 3
79 4341 534 4427 ⁵lltfieeeiccoercetdorocporedo,
549 4331 1158 4426 Scaienupeseinrocsaeeeoetprtaeo

41 4465 42 4502 l
