3025 4967
229 384 237 393 ·
276 360 339 424 716
673 357 817 413 Caecilii
841 359 1001 429 Cypriani

275 514 334 578 ter
374 515 441 579 hoc
482 532 566 578 ecce
609 531 677 597 ego
717 513 763 578 ad
800 516 1024 597 prophetas,
1068 517 1166 581 dicit
1199 518 1399 599 Dominus,

276 616 339 698 qui
354 615 538 681 furantur
561 616 680 680 uerba
700 636 786 681 mea
808 620 1104 701 unusquisquea
1125 621 1297 701 proximo
1319 640 1400 701 suo,

276 719 314 782 et
335 719 523 784 seducunt
552 720 735 802 populum
764 740 884 785 meum
905 723 945 786 in
966 722 1177 789 mendaciis
1199 725 1280 789 suis
1302 728 1339 790 et
1361 726 1401 789 in

276 823 474 888 erroribus
497 823 587 887 suis.
610 823 688 887 item
710 826 786 905 aput
808 824 939 889 eundem
960 824 1021 889 alio
1042 826 1118 905 loco,
1142 829 1179 891 et
1199 827 1402 892 moechata

276 927 348 1003 est,
382 925 498 1007 inquit,
533 926 683 1010 lignum
710 928 747 990 ct
773 927 958 1009 lapidem,
990 929 1027 991 et
1056 929 1093 993 in
1124 929 1185 993 his
1219 929 1424 994 omnibuss

277 1047 350 1093 uon
378 1030 436 1093 est
461 1046 623 1094 reuersa
652 1029 696 1093 ad
724 1047 789 1093 me.
827 1030 907 1111 quod
937 1029 1055 1095 furtum
1084 1033 1116 1095 et
1145 1032 1334 1096 adulterium
1361 1052 1403 1097 ne

277 1131 311 1194 in
332 1148 386 1195 nos
409 1131 504 1195 etiam
526 1130 616 1194 cadat
638 1148 746 1195 cauere
769 1131 901 1197 sollicite
925 1133 956 1196 et
978 1133 1088 1198 timide
1111 1152 1146 1198 ac
1173 1134 1316 1218 religiose
1344 1134 1403 1197 ob·

276 1252 399 1298 seruare
420 1234 576 1298 debemus.
599 1252 672 1297 nam
692 1234 718 1298 si
743 1234 916 1300 sacerdotes
937 1235 995 1300 Dei
1018 1238 1050 1300 et
1073 1235 1188 1301 Christi
1206 1256 1322 1315 sumus,
1338 1254 1403 1301 non

276 1336 400 1401 inuenio
421 1356 513 1418 quem
536 1336 637 1420 magis
658 1336 744 1419 sequi
769 1356 862 1419 quum
883 1338 985 1402 Deum
1005 1339 1036 1402 et
1052 1337 1208 1403 Christum
1223 1339 1402 1416 debeamus,

278 1442 399 1523 quando
428 1440 493 1521 ipse
522 1440 556 1503 in
584 1440 746 1524 euangelio
776 1442 912 1506 maxime
940 1442 1038 1505 dicat:
1066 1460 1133 1526 ego
1163 1461 1243 1507 sum
1271 1443 1444 1510 lumenro

278 1543 435 1608 saeculi.
471 1542 535 1624 qui
557 1560 613 1606 me
645 1545 806 1608 secutus
839 1543 977 1620 fuerit,
1011 1561 1084 1608 non
1116 1544 1331 1610 ambulabit
1363 1546 1406 1611 in

278 1645 469 1724 tenebris,
492 1645 557 1710 sed
579 1645 742 1710 habebit
763 1645 892 1711 lumen
915 1646 1028 1711 uitae.
1051 1666 1090 1711 ne
1113 1665 1185 1731 ergo
1207 1648 1240 1711 in
1263 1648 1403 1714 tenebris

278 1748 483 1826 ambulemus,
507 1745 666 1812 Christum
691 1748 778 1830 sequi
801 1749 832 1813 et
853 1749 1016 1831 praecepta
1037 1748 1102 1813 eius
1125 1750 1286 1815 obseruare
1308 1750 1406 1815 debc-

280 1870 359 1928 mus,
387 1851 461 1933 quia
481 1853 513 1915 et
534 1852 600 1932 ipse
623 1850 684 1916 alio
706 1852 739 1915 in
762 1852 828 1915 loco
851 1852 979 1915 mittens
1009 1852 1162 1934 apostolos
1185 1852 1279 1917 dixit:
1309 1853 1407 1917 data

280 1954 338 2028 est
370 1954 467 2017 mihi
500 1954 626 2019 omnis
659 1956 838 2036 potestas
866 1954 904 2017 in
932 1954 1037 2018 caelo
1065 1956 1102 2018 et
1129 1954 1168 2018 in
1195 1956 1308 2019 terra.
1340 1956 1435 2025 iters

280 2074 371 2140 ergo
405 2059 442 2121 et
474 2058 606 2121 docete
644 2074 772 2122 omnes
808 2056 1037 2140 tinguentes
1075 2074 1136 2121 eos
1173 2058 1210 2121 in
1247 2058 1405 2123 nomine

279 2160 404 2241 patris
427 2162 464 2223 et
485 2158 569 2224 filii
593 2161 630 2225 et
652 2160 822 2241 spiritus
856 2159 997 2237 sancti,
1032 2158 1214 2224 docentes
1247 2178 1309 2224 eos
1340 2161 1406 2225 ob-

279 2281 435 2327 seruare
463 2263 589 2327 omnia
610 2281 871 2344 quaecumque
893 2262 1072 2345 praecepi
1096 2261 1218 2326 uobis.
1250 2279 1343 2343 quare
1376 2262 1404 2325 si

278 2363 312 2428 in
331 2365 449 2428 lumine
473 2363 588 2429 Christi
610 2364 768 2429 ambulare
793 2364 945 2441 uolumus,
973 2382 991 2427 a
1015 2363 1186 2445 praeceptis
1214 2364 1245 2427 et
1272 2364 1402 2427 monitis

278 2468 344 2532 eius
358 2484 417 2531 non
432 2468 609 2532 recedamus
624 2468 750 2551 agentes
767 2468 892 2551 gratias,
916 2466 997 2548 quod
1013 2466 1088 2530 dum
1109 2466 1238 2531 instruit
1258 2468 1290 2531 in
1311 2467 1438 2535 datu-ro

278 2588 350 2634 rum
365 2568 440 2650 quid
450 2570 548 2633 iacere
562 2570 736 2647 debeamus,
753 2569 791 2633 de
804 2569 968 2650 praeterito
979 2569 1112 2654 ignoscit
1124 2570 1206 2650 quod
1217 2570 1406 2651 simpliciter

279 2673 458 2737 errauimus.
475 2676 507 2738 et
521 2673 594 2754 quia
607 2674 671 2737 iam
687 2673 839 2738 secundus
855 2672 921 2737 eius
937 2672 1089 2737 aduentus
1105 2672 1194 2735 nobis
1205 2674 1404 2756 propinquat,

278 2776 379 2859 magis
404 2794 440 2840 ac
465 2776 567 2860 magis
593 2776 728 2860 benigna
754 2777 787 2840 et
810 2776 899 2859 larga
924 2775 1062 2859 dignatio
1088 2774 1179 2839 corda
1203 2777 1309 2840 nostra
1333 2776 1403 2841 luce

278 2878 422 2943 ueritatis
436 2877 612 2944 inluminat.

232 2984 270 3047 lt
323 2981 478 3064 Religioni
493 2982 592 3064 igitur
607 2982 729 3045 nostrae
745 2981 889 3065 congruit
904 2983 936 3046 et
957 2981 1064 3045 timori
1086 2982 1118 3045 et
1139 2980 1199 3062 ipsi
1219 2981 1285 3045 loco
1305 2979 1407 3063 adque
1417 3003 1442 3043 rs

279 3082 379 3148 officio
408 3083 570 3148 sacerdotii
598 3084 706 3162 nostri,
736 3084 832 3149 irater
862 3084 1028 3162 carissime,
1063 3084 1097 3147 in
1126 3083 1279 3148 dominico
1309 3085 1407 3150 calice

279 3187 434 3252 miscendo
449 3189 481 3252 et
496 3186 648 3253 offerendo
671 3187 824 3252 custodire
845 3185 1022 3251 traditionis
1046 3184 1216 3250 dominicae
1237 3187 1407 3251 ueritatem

380 3390 638 3454 distensam.
709 3391 797 3445 1010.
817 3390 841 3452 8,
863 3390 904 3442 12.
975 3388 1008 3442 14
1025 3386 1126 3443 Matth.
1143 3388 1185 3453 28,
1205 3388 1313 3442 18-20,

330 3581 436 3634 isoes
451 3578 500 3649 SQ
511 3578 556 3649 (ad
568 3580 617 3649 M)
724 3564 846 3648 proximis
858 3564 908 3631 sud
919 3576 957 3631 M
970 3563 998 3645 (ᾗ
1010 3580 1092 3645 corr.)
1205 3576 1324 3632 leodem
1338 3578 1371 3633 δ’

280 3668 401 3719 moecsta
413 3664 437 3719 S
525 3666 543 3718 5
554 3665 583 3718 in
594 3665 699 3734 lignum
711 3682 728 3719 o
814 3665 831 3719 6
842 3664 943 3717 nutum
957 3678 991 3716 es
1003 3662 1125 3717 futurum
1138 3660 1186 3731 SQ
1197 3662 1313 3731 (lurtum
1325 3664 1372 3731 Μ)

280 3751 298 3805 9
310 3750 436 3805 debemus
450 3750 479 3805 R
542 3751 574 3804 11
587 3750 696 3819 saeculi]
712 3750 806 3805 mundi
822 3750 844 3820 Q
908 3748 1060 3803 ambulanit
1075 3747 1126 3817 ΩΒ
1190 3746 1224 3801 13
1235 3748 1332 3802 christi
1344 3750 1373 3805 R

279 3839 315 3891 14
325 3838 355 3891 in
371 3838 453 3893 alico
562 3838 698 3907 apostolus
714 3836 766 3892 ΟΡ
876 3838 909 3891 16
921 3850 1010 3889 omnes
1023 3834 1081 3899 LS,
1100 3836 1194 3903 gentes
1212 3848 1303 3888 omnes
1320 3834 1407 3901 OPR,

280 3938 372 3977 omnes
385 3926 478 3992 gentes
491 3922 532 3993 Co
638 3924 805 3995 tinguentes]
817 3924 984 3993 baptizantes
999 3920 1023 3991 Q
1125 3934 1169 3973 eas
1181 3920 1209 3975 R
1319 3921 1353 3975 1‘1
1366 3922 1409 3976 lili

281 4006 358 4077 SPQ
478 4024 523 4063 eas
535 4009 563 4065 R
686 4011 720 4063 19
731 4010 866 4064 noluimus
883 4008 970 4063 Osos.
1090 4004 1126 4059 20
1136 4004 1209 4074 dnm]
1222 4007 1375 4061 nondumS

279 4092 314 4146 21
327 4092 396 4161 quod
411 4094 435 4163 Q
546 4096 667 4165 ignescit
682 4096 712 4160 0,
726 4096 848 4165 agnoscit
861 4094 900 4147 Ρ1
1015 4092 1049 4145 22
1063 4092 1219 4163 enauimus]
1233 4094 1374 4147 ersmers

280 4178 335 4231 iarn
348 4194 397 4232 om.
411 4181 439 4234 P
523 4180 719 4250 adpropinquat
731 4178 885 4249 LOPQRo
970 4178 1005 4232 23
1015 4176 1134 4245 benigna
1143 4176 1206 4264 eius
1218 4177 1373 4247 LOPQRu

281 4265 316 4319 25
327 4265 457 4335 religione
473 4266 497 4322 0
598 4268 633 4320 26
645 4264 775 4319 sacerdoti
791 4264 823 4334 0,
837 4262 984 4318 sacerdotis
996 4261 1020 4316 S
1124 4277 1172 4318 nro
1189 4262 1213 4317 0
