3025 4967
395 1092 582 1209 VITA
619 1090 831 1207 CAEGI
808 1094 949 1207 ILll
984 1094 1204 1208 CYPRI
1179 1092 1348 1211 1le

575 1302 701 1387 (Pontio
722 1302 849 1369 diacono
871 1300 966 1387 uulgo
988 1300 1167 1387 adscripta).

283 1498 297 1559 l
372 1450 554 1575 Cyprianus
582 1491 746 1575 religiosus
775 1492 906 1557 antistes
926 1510 962 1558 ac
984 1492 1077 1557 testis
1095 1494 1153 1558 Dei
1182 1494 1346 1577 gloriosus,
1381 1497 1443 1562 etsi

310 1594 413 1659 multa
433 1595 623 1677 conscripsit,
642 1613 698 1679 per
718 1614 797 1677 quae
817 1595 967 1661 memoria
986 1595 1074 1679 digni
1092 1597 1225 1661 nominis
1240 1599 1441 1680 superuiuat,

315 1696 375 1762 etsi
397 1698 591 1780 eloquentiae
607 1698 673 1763 eius
688 1717 724 1763 ac
738 1697 798 1763 Dei
813 1698 935 1781 gratiae
949 1698 1039 1783 larga
1052 1698 1224 1764 fecunditas
1240 1700 1286 1764 its
1301 1718 1335 1765 se
1352 1704 1462 1783 copias

192 1846 195 1850 f
310 1800 343 1864 et
357 1798 500 1865 ubertate
520 1801 670 1866 sermonis
691 1800 837 1880 extendit,
860 1803 896 1866 ut
911 1818 1007 1883 usque
1022 1801 1056 1865 in
1070 1800 1162 1867 finem
1178 1802 1287 1867 muudi
1303 1804 1441 1869 fortusse

310 1921 371 1968 non
397 1904 513 1969 taceat:
540 1906 646 1969 tamen
671 1906 743 1987 quia
769 1905 911 1987 operibus
937 1906 1003 1971 eius
1029 1924 1064 1971 ac
1090 1905 1211 1971 meritis
1238 1906 1337 1971 etiam
1365 1907 1442 1973 baec

311 2008 528 2091 praerogatiua
549 2004 687 2087 debetur,
707 2006 828 2090 placuit
843 2008 1026 2073 summatim
1040 2028 1138 2090 pauca
1153 2009 1358 2089 conscribere,
1380 2028 1441 2074 non

312 2127 372 2192 qno
400 2111 536 2192 aliquem
561 2110 613 2175 uel
638 2110 805 2194 gentilium
831 2110 930 2175 lateat
955 2110 1035 2175 tanti
1062 2111 1123 2176 uiri
1150 2112 1225 2191 uita,
1258 2112 1312 2177 sed
1339 2114 1378 2177 ut
1402 2112 1441 2177 ad

311 2214 451 2296 posteros
466 2230 586 2296 quoque
601 2199 722 2279 nostros
737 2210 978 2296 incomparabile
993 2216 1025 2279 et
1040 2212 1155 2300 grande
1171 2212 1395 2281 documentum
1408 2214 1472 2281 inre

312 2316 524 2397 immortalem
538 2316 721 2382 memoriam
735 2316 911 2400 porrigatur
925 2320 953 2380 et
968 2318 1004 2383 ut
1015 2316 1054 2383 ad
1070 2319 1244 2400 exemplum
1259 2318 1308 2383 sui
1323 2316 1441 2385 litteris

312 2420 496 2504 dirigantur.
519 2415 601 2486 certe
621 2421 736 2485 durum
756 2421 831 2499 crat,
854 2420 891 2485 ut
906 2438 976 2485 curn
997 2419 1130 2487 maiores
1145 2422 1246 2487 nostri.
1258 2420 1393 2503 plebeiis
1409 2422 1440 2487 et

313 2524 521 2589 semermems
541 2524 732 2607 martyrium
751 2524 922 2590 consecutis
943 2526 1068 2589 tantum
1083 2524 1208 2590 honoris
1223 2544 1278 2608 pro
1294 2522 1442 2609 martyrii

314 2626 413 2708 ipsius
428 2628 624 2693 ueneratione
642 2628 819 2707 tribuerint,
835 2628 871 2691 ut
886 2627 924 2693 de
937 2629 1130 2709 passionibus
1146 2644 1251 2692 comm
1267 2628 1372 2693 multa
1387 2626 1442 2692 aut

315 2730 453 2812 utprope
467 2730 598 2796 dixerim
612 2750 709 2813 paene
719 2733 830 2796 cuncta
838 2731 1082 2815 conscripserint,
1094 2732 1247 2825 stiquest
1255 2731 1441 2795 adnostram
1450 2756 1471 2795 rs

315 2850 437 2917 quoque
456 2834 602 2899 notitiem
624 2834 678 2916 qui
696 2834 833 2900 noudum
851 2833 918 2899 uati
933 2832 1052 2899 fuimus
1066 2834 1273 2915 peruenirent,
1294 2830 1442 2917 cypriani

367 3056 471 3126 Incipit
483 3056 567 3112 cecili
577 3056 707 3126 Cypriani
725 3057 841 3111 antestis
858 3058 902 3112 dei
915 3058 946 3122 Τ,
966 3054 1068 3127 Incipit
1081 3057 1114 3112 ds
1125 3057 1186 3113 uita
1197 3056 1289 3127 Gecilij
1308 3056 1442 3111 antistitis

315 3138 443 3211 Cypriani
456 3149 467 3196 t
479 3145 553 3210 (cum
569 3144 654 3197 codes
666 3149 678 3197 t
689 3161 751 3198 cum
764 3144 874 3198 Troade
891 3144 1044 3212 descriptos
1061 3150 1101 3198 cst
1113 3145 1214 3213 obsipat
1224 3144 1285 3209 fere
1296 3144 1442 3212 conspiret,

314 3228 384 3299 sipla
397 3226 422 3282 Τ
431 3228 480 3282 bas
497 3229 685 3297 conspirantes
702 3230 831 3284 lectioms
848 3228 969 3298 intellepi
988 3228 1087 3297 uolui),
1106 3227 1202 3283 Breuis
1214 3229 1360 3298 descriptio
1373 3228 1443 3281 uitae

314 3312 467 3369 beatissimi
487 3318 516 3368 et
536 3314 685 3368 doctissimi
707 3315 827 3384 cipriani
848 3316 963 3384 episcopi
984 3318 1011 3369 et
1031 3312 1153 3369 martiris
1173 3330 1205 3379 so,
1230 3314 1332 3383 Incipit
1355 3312 1442 3382 passio

315 3401 466 3455 beatissimi
480 3401 608 3469 Cypriani
618 3402 745 3469 martyrip
757 3421 785 3469 μ.
799 3428 830 3441 ·-
843 3402 861 3455 3
872 3402 987 3455 mucce
1001 3402 1044 3464 1¹¹,
1056 3402 1196 3455 antistites
1209 3420 1229 3468 μ
1324 3400 1373 3453 dcc
1389 3398 1414 3452 T

316 3489 369 3543 etsi
383 3491 414 3553 Τ,
425 3488 537 3541 tametsi
550 3504 612 3556 copo
712 3486 837 3555 dmulta]
851 3488 954 3541 mulsia
969 3488 994 3539 Τ
1089 3502 1157 3557 quae
1169 3502 1204 3540 ec
1216 3482 1309 3555 quaT
1404 3481 1443 3535 sui

316 3573 497 3643 digneminis
494 3572 659 3626 oscdsuis.
674 3570 769 3627 l..m2
837 3572 1040 3641 superbibatT¹
1114 3574 1132 3627 b
1144 3572 1267 3642 grstiap
1339 3568 1443 3625 Sdebe·

316 3661 372 3729 tur]
385 3658 503 3712 delectat
514 3674 573 3726 wp3
585 3659 629 3711 bic
640 3659 753 3711 carcar.
769 3663 801 3711 11
814 3660 883 3711 ut..
894 3658 1035 3727 dirigant
1036 3676 1068 3713 ur
1084 3660 1184 3713 inserit
1197 3674 1258 3725 copo
1355 3656 1372 3709 9
1384 3650 1442 3722 quo]

318 3745 417 3815 quode
506 3744 613 3797 uelem.
627 3761 671 3811 cop
764 3731 1016 3799 tantiextrncorr.
1029 3748 1126 3813 ptn.2
1218 3743 1354 3796 10inom
1368 3756 1411 3807 cop

319 3833 351 3898 U
365 3829 506 3883 etaddids'
595 3829 691 3882 adom.
703 3846 765 3898 wpo
851 3830 893 3883 sui
910 3831 962 3898 lp,
975 3846 1052 3883 suum
1064 3846 1105 3885 wc
1191 3828 1339 3881 inlitteras
1352 3841 1412 3893 copo

318 3919 352 3971 12
365 3918 520 3985 dirigantur
534 3918 565 3979 Τ,
577 3916 714 3985 dirigatur
727 3940 754 3981 μ,
768 3916 907 3985 digeratur
919 3934 960 3972 soc
1113 3915 1200 3985 plebis
1214 3916 1270 3983 Τμ
1271 3954 1277 3978 ,
1291 3910 1409 3983 plebr
1377 3930 1395 3980 p

289 4006 292 4013 '
318 4004 352 4057 13
364 4003 538 4056 catecuminis
552 4003 620 4071 pr
722 4003 865 4056 martirum
878 4020 922 4071 cop
1020 4004 1176 4056 consecutus
1188 4018 1213 4054 w
1310 3992 1440 4065 martyrii]

318 4082 393 4168 marii
409 4114 440 4177 T,
453 4114 578 4167 mariust
679 4113 714 4165 14
724 4114 778 4181 ipsi
789 4130 821 4175 w,
834 4098 890 4181 ipm
904 4130 927 4165 w
1029 4112 1174 4167 tribuerint
1185 4113 1294 4181 scripsi,
1306 4105 1441 4165 debuerint

320 4202 422 4270 T¹twp‚
434 4200 556 4255 dederint
568 4202 620 4255 T’o
752 4202 809 4269 aut]
825 4203 873 4254 aut
884 4216 965 4269 prope
976 4202 1023 4253 aut
1036 4204 1067 4269 p¹
1199 4200 1232 4253 15
1245 4202 1276 4253 ut
1287 4212 1366 4267 prope
1379 4200 1439 4261 trop,

318 4303 399 4356 prope
412 4287 452 4341 To
554 4286 741 4353 conscripserit
756 4287 791 4340 ΤΙ
894 4286 1078 4355 utiquam-o
1180 4284 1214 4338 16
1226 4298 1374 4353 quaequep
