3025 4967
689 353 835 410 Caecilii
860 351 1024 424 Cypriani

550 611 918 722 EPISTVLA
952 609 1168 720 LXXV.

433 816 672 872 s'nitmfflrtvs
690 816 877 872 CYPRIANO
892 813 1028 870 mum
1044 813 1087 868 m
1104 812 1246 869 Domo
1263 810 1290 864 S.

268 994 280 1056 Ι
338 987 523 1069 Accepimus
548 1006 603 1069 per
628 987 841 1072 Rogatianum
865 987 1064 1052 mnasimum
1089 989 1231 1050 nocuum
1257 984 1426 1050 ducem

296 1089 417 1156 anobis
440 1089 571 1154 missum
592 1089 714 1154 litteras
735 1108 813 1171 quas
828 1090 867 1154 ad
882 1107 938 1155 nos
953 1089 1065 1167 fecisti,
1088 1088 1184 1154 stater
1205 1072 1424 1161 dilectissirne,

298 1194 330 1258 et
343 1193 461 1277 gratias
475 1193 601 1275 propter
614 1193 689 1258 haee
703 1192 770 1258 Deo
784 1193 935 1258 maximas
951 1193 1073 1276 egimus
1089 1191 1172 1275 quod
1185 1191 1361 1278 eontigerit,
1387 1193 1445 1254 uta

296 1295 350 1379 qui
373 1313 497 1378 corpore
518 1296 556 1361 ab
578 1295 714 1361 inuicem
737 1315 917 1379 separamur
940 1297 986 1361 sic
1008 1296 1122 1379 spiritu
1143 1296 1315 1360 munemur
1335 1293 1429 1376 quasi

295 1416 355 1464 non
370 1418 465 1464 unam
481 1399 604 1463 tantum
619 1399 777 1482 regionem
792 1401 943 1478 tenentes,
959 1399 1015 1464 sed
1029 1401 1063 1464 in
1077 1398 1146 1480 ipsu
1160 1399 1252 1480 atque
1266 1396 1300 1461 in
1315 1395 1428 1462 eedem

296 1501 387 1566 domo
408 1501 503 1566 simul
519 1499 737 1566 inhabitantes.
760 1502 842 1584 quod
856 1503 888 1567 et
903 1503 992 1568 decet
1006 1502 1117 1578 dicere,
1139 1501 1213 1584 quia
1226 1502 1258 1564 et
1272 1499 1428 1582 spiritalis

296 1603 405 1668 domus
420 1603 479 1668 Dei
499 1622 560 1669 una
577 1604 633 1668 est.
657 1602 735 1668 erit
756 1605 858 1670 enim
879 1605 920 1670 in
940 1603 1187 1681 nouissimis,
1208 1604 1263 1678 ait,
1286 1602 1427 1667 diebus

295 1705 530 1772 manifestus
553 1724 657 1771 mons
679 1706 836 1771 Domini
857 1709 896 1771 et
917 1707 1049 1772 domus
1069 1705 1141 1772 Dei
1162 1724 1278 1788 super
1299 1705 1459 1771 uerti-1⁰

296 1827 356 1874 ces
371 1808 568 1874 montium.
590 1809 622 1873 in
638 1827 699 1890 qua
713 1809 928 1874 conuenientes
943 1829 1016 1875 curn
1031 1808 1222 1874 iocunditate
1235 1806 1424 1884 adunamur,

298 1911 467 1978 seeundum
482 1911 563 1993 quod
578 1912 610 1976 et
624 1911 656 1976 in
671 1911 791 1993 psalmo
805 1912 863 1976 boc
876 1912 1054 1995 postulatur
1067 1929 1087 1976 a
1098 1911 1232 1980 Domino
1246 1910 1425 1976 inhabitare

295 2014 329 2079 in
344 2013 434 2079 domo
445 2013 503 2078 Dei
518 2031 571 2096 per
586 2031 692 2078 omnes
707 2013 775 2080 dies
790 2015 883 2080 uitae.
899 2015 981 2080 unde
992 2017 1024 2079 et
1034 2015 1069 2079 in
1084 2014 1146 2079 alio
1160 2014 1227 2079 loco
1241 2013 1425 2078 manifesta·

295 2118 364 2183 tum
374 2120 424 2182 cst
439 2135 504 2182 csse
519 2117 601 2198 apud
617 2118 738 2182 sanctos
753 2137 901 2202 maguum
915 2117 1088 2182 uoluntatis
1103 2117 1268 2182 caritatffln
1279 2117 1314 2180 in
1325 2135 1423 2180 unum

297 2220 466 2285 conuenire,
506 2238 607 2296 ecce,
640 2219 753 2301 inquit,
788 2239 896 2302 quarn
929 2219 1066 2284 bonum
1100 2220 1138 2283 et
1170 2217 1456 2301 uoluptubiles

296 2325 418 2388 estut
441 2321 621 2387 habitent
643 2321 787 2387 iratres
808 2323 847 2387 in
869 2343 994 2387 unum.

266 2427 285 2489 2
340 2425 497 2490 Adunatio
527 2425 609 2490 enim
634 2427 666 2490 et
691 2444 750 2508 pax
776 2429 808 2490 et
834 2425 998 2492 concordia
1023 2443 1084 2490 uon
1111 2427 1214 2511 solum
1242 2424 1423 2490 bominibus
1505 2422 1506 2437 ¹

297 2526 441 2592 fidelibus
454 2529 485 2592 et
496 2527 750 2612 cognoscentibus
766 2529 931 2594 ueritatem
942 2528 997 2592 sed
1009 2531 1041 2595 et
1051 2529 1172 2614 angelis
1186 2528 1264 2612 ipsis
1280 2527 1423 2594 caelesti-

297 2630 354 2694 bus
376 2629 570 2712 uolnpiatem
589 2631 757 2696 maximam
778 2632 925 2712 praestat,
947 2633 1060 2715 quibus
1081 2631 1159 2698 dicit
1180 2650 1282 2697 sermo
1298 2631 1423 2696 diuinus

296 2751 362 2798 esse
377 2732 526 2817 gaudium
537 2733 569 2798 in
582 2749 642 2798 uno
656 2735 815 2816 peccatore
828 2734 1054 2815 paenitentiam
1070 2737 1180 2819 agento
1195 2736 1226 2799 et
1236 2733 1277 2798 ad
1291 2733 1453 2798 unitatise

298 2835 459 2900 uinculum
482 2837 662 2901 reuertente.
688 2836 769 2918 quod
791 2837 898 2919 utique
919 2856 978 2902 non
994 2837 1147 2904 diceretur
1162 2838 1200 2903 de
1215 2837 1337 2920 angelis
1354 2854 1423 2901 con-

298 2939 504 3004 uersationem
519 2937 552 3003 in
568 2939 661 3004 caelis
683 2938 877 3022 habentibus,
901 2939 962 3006 nisi
984 2939 1047 3024 ipsi
1070 2958 1190 3023 qnoque
1211 2939 1315 3005 essent
1336 2939 1424 3005 nobis

298 3040 427 3106 adunati
442 3040 496 3123 qui
512 3042 616 3107 nostra
631 3041 815 3106 adunatione
830 3041 995 3122 laetantur,
1018 3043 1101 3107 sieut
1116 3062 1132 3108 e
1147 3041 1300 3108 contrario
1316 3043 1424 3125 ntique

300 3143 530 3227 contristantur,
560 3143 683 3226 quando
713 3143 823 3209 uident
852 3145 990 3210 diuersas
1020 3143 1213 3228 quorundam
1242 3146 1365 3210 mentes
1394 3147 1424 3209 et

299 3247 408 3312 scissas
436 3246 622 3326 noluntates,
651 3247 740 3330 quasi
765 3266 827 3312 non
852 3249 976 3314 tantum
1002 3267 1100 3314 unum
1123 3250 1155 3314 et
1176 3247 1308 3313 eundem
1322 3247 1455 3314 Dauus

400 3467 418 3520 9
436 3466 479 3522 Es.
497 3471 523 3534 2,
540 3469 565 3524 2.
635 3469 669 3522 15
687 3468 731 3522 Ps.
750 3467 809 3534 122,
829 3471 852 3522 1.

352 3671 437 3742 Epist.
449 3671 555 3726 Lxxv.
568 3701 601 3712 -
613 3671 715 3744 Incipit
728 3673 846 3744 epistula
857 3673 1013 3729 Firmiliani
1025 3675 1060 3730 ad
1071 3675 1234 3745 Cyprianum
1247 3689 1271 3739 e,
1288 3674 1427 3730 Firmilia·

300 3775 351 3812 nus
363 3757 397 3814 ad
407 3759 601 3828 CyprieuumI.
614 3758 718 3828 Incipit
728 3759 829 3815 Caecili
845 3759 973 3830 Cypriani
985 3762 1019 3815 ed
1031 3761 1160 3828 Quintm
1171 3761 1289 3815 feliciter
1300 3761 1333 3831 Q,
1345 3763 1425 3816 incer.

301 3841 706 3899 once-aindomnoomu
762 3831 1264 3916 idilectissiurelkffloinraam
1324 3846 1427 3914 thaec]

300 3930 380 3984 hece
460 3929 566 3985 domino
577 3947 600 3994 e,
613 3913 715 3995 ὼῖΜ,
727 3915 812 4002 (1ζο
898 3933 913 3986 7
926 3932 995 4003 ipsa]
1009 3950 1062 3988 uua
1074 3933 1131 3988 eod.
1146 3933 1287 3986 (leuderici¹
1372 3933 1427 3986 ein

301 4031 351 4069 een.
364 4013 395 4068 Ε
472 4015 523 4086 ait]
535 4016 666 4086 propbeta
677 4017 772 4073 eddo
858 4019 891 4072 ll
903 4019 967 4087 qua]
980 4034 1061 4087 quam
1072 4019 1151 4074 Eleo
1231 4017 1265 4070 12
1275 4020 1305 4072 et
1315 4033 1396 4072 me

300 4099 335 4152 14
346 4099 497 4171 caritatem]
510 4101 679 4157 alacritatem
690 4105 761 4158 cont
773 4103 867 4159 Routb
970 4105 1004 4158 15
1015 4103 1207 4174 uoluptabileru
1221 4102 1245 4173 Q
1343 4103 1378 4157 16
1387 4103 1426 4156 in·

300 4183 477 4341 lougibtietgrtiq
555 4189 588 4242 19
600 4188 830 4259 uolumptatemQ
932 4189 1103 4259 &lugentem
1113 4187 1186 4259 MQ¹
1295 4189 1426 4243 a1rauer-

330 4286 347 4323 n
481 4277 487 4308 l
