3025 4967
317 388 365 435 nx

317 524 389 589 ante
403 524 569 591 Erasmnm
590 524 723 591 edidisse
742 526 825 590 infra
844 526 982 591 narrabo.
1004 546 1040 590 ex
1054 527 1271 593 Dauantrieusi
1285 528 1439 594 Erasmus

316 636 350 700 in
366 654 453 701 suam
475 636 591 719 recepit
606 636 820 702 emendatione
835 636 996 702 accedente
1009 636 1073 703 fere
1087 638 1183 703 nulla
1198 656 1255 703 neo
1267 639 1436 721 quicqum

317 747 349 811 in
365 746 553 831 corrigendis
576 746 697 812 mendis
720 746 832 829 reliqui
853 747 1083 829 praestiterunt.
1112 750 1186 812 sunt
1206 748 1289 813 enim
1312 750 1436 815 codices

317 857 383 923 eius
398 857 558 922 rarissimi.
583 858 703 939 praeter
717 856 967 923 uetustissImum
981 856 1168 923 Vossiannm
1183 858 1237 923 lat.
1252 859 1297 924 40
1309 874 1387 925 saec.
1403 860 1436 923 X

316 966 423 1054 (K)*)‚
440 988 531 1049 quem
546 969 595 1032 uir
609 968 839 1034 illustrissimus
854 970 905 1035 Du
920 968 998 1033 Rieu
1012 988 1072 1051 qua
1086 971 1134 1035 est
1147 970 1277 1055 insignis
1291 970 1436 1036 liberali·

315 1081 380 1145 tate
401 1080 610 1145 vindobonam
630 1080 729 1159 midi,
750 1079 956 1173 Parisiansem
971 1080 1020 1164 (Z)
1043 1081 1131 1146 cuins
1151 1082 1274 1163 saepius
1288 1083 1436 1148 deuomui

314 1192 582 1273 interpolationem
602 1191 740 1256 adhibui.
763 1192 863 1257 exstat
883 1210 956 1259 uero
970 1193 1093 1271 tertius,
1114 1194 1282 1259 Vossianus
1297 1195 1353 1260 lat.
1372 1195 1437 1260 108

315 1324 391 1369 saec.
413 1304 502 1383 XIII,
530 1305 615 1388 isque
638 1304 699 1369 fuit
721 1303 851 1368 domasse
871 1306 952 1369 unde
974 1304 1068 1369 editio
1091 1305 1231 1388 pn'nceps
1252 1306 1351 1388 petita
1376 1308 1436 1371 est

315 1416 397 1481 certe
408 1416 483 1496 quin
496 1434 531 1479 ea
542 1434 577 1479 ex
588 1414 691 1480 codice
699 1415 848 1480 Vossiauo
863 1434 957 1497 quam
969 1415 1138 1481 Parisiansi
1152 1416 1296 1482 similiori
1310 1416 1439 1481 finxerIt

315 1528 438 1609 propter
452 1527 632 1591 lacunarum
648 1526 769 1608 aliquot
784 1526 1029 1608 mendorumque
1040 1528 1286 1593 communionem
1297 1527 1439 1593 dubitari

315 1638 430 1722 nequit.
460 1638 614 1720 qnondam
644 1638 827 1715 exstiterunt
856 1638 1032 1719 conplures:
1063 1656 1099 1703 ex
1125 1638 1229 1703 codice
1256 1639 1373 1723 insigni
1401 1642 1437 1705 et

317 1750 440 1814 uetusto
456 1748 642 1825 Oarthusiae,
653 1746 843 1815 Coloniensis
856 1748 990 1815 Grauius
1010 1749 1179 1831 scripturas
1199 1750 1347 1833 quasdam
1361 1769 1437 1833 pro-

315 1861 400 1939 tulit,
435 1861 553 1926 codices
581 1860 731 1925 Ludouici
761 1859 914 1926 (laurionis
943 1862 975 1925 et
1004 1860 1034 1926 S.
1064 1862 1261 1927 Pantaleouis
1290 1861 1436 1927 Coloniae

315 1972 474 2038 Pamelius
489 1973 605 2037 laudat.
625 2010 663 2021 —
679 1971 728 2036 ΙΠ
743 1976 810 2039 De
824 1977 950 2041 laude
964 1976 1180 2056 martyrio.
1195 1975 1276 2039 hunc
1290 1973 1438 2039 libellum

316 2082 464 2167 Cypriani
480 2086 582 2150 aetate
597 2086 806 2169 conscriptum
821 2088 953 2153 editores
967 2090 1007 2153 ad
1023 2088 1290 2170 corruptissimum
1304 2084 1437 2151 alterius

316 2194 453 2259 familiae
478 2198 632 2278 exemplar
653 2198 819 2281 exegerunt
834 2198 885 2263 uel
899 2200 1002 2281 potius
1017 2218 1087 2263 cum
1102 2200 1249 2263 Erasmus
1263 2196 1382 2278 pumus
1398 2214 1438 2259 ex

317 2308 421 2373 codice
437 2307 502 2372 eius
518 2308 638 2391 generis
652 2306 867 2374 Gemblacensi
884 2308 1039 2387 edidisset,
1053 2309 1284 2375 inemendatum
1299 2307 1437 2388 relique·

317 2418 398 2483 runt
426 2420 547 2501 praeter
572 2419 691 2485 codices
711 2420 811 2501 MQT,
839 2438 969 2502 quorum
995 2421 1219 2503 comparatione
1241 2421 1281 2485 ad
1304 2418 1437 2483 alterius

317 2530 454 2596 familiae
469 2530 669 2615 archetypum
684 2532 929 2625 cognoscendum
943 2533 1130 2614 peruenitur,
1157 2532 1245 2596 libris
1260 2530 1342 2595 LNP
1357 2549 1436 2595 usus

319 2662 398 2721 sum,
421 2660 497 2724 quos
513 2643 546 2706 in
562 2662 657 2707 unum
680 2644 816 2708 codicem
830 2644 989 2725 parentem
1004 2661 1186 2727 conuergere
1201 2660 1294 2725 supra
1308 2641 1439 2705 demon-

319 2756 452 2819 stratum
467 2756 529 2831 est;
546 2754 633 2819 ouius
648 2754 838 2836 praestantia
853 2756 967 2836 quanta
977 2754 1020 2819 sit
1030 2771 1183 2835 nusquam
1196 2751 1309 2817 melius
1323 2768 1440 2836 cogno·

318 2865 425 2931 scitur.
453 2884 523 2930 eum
539 2884 610 2930 uero
626 2864 823 2951 Seguieriano
838 2864 887 2950 (S)
904 2864 1009 2929 cedere
1023 2884 1079 2948 par
1093 2865 1158 2928 erat
1171 2863 1205 2928 in
1220 2863 1318 2927 altera
1332 2861 1436 2925 libelli

318 2978 405 3062 parte
419 2978 491 3042 inde
506 2998 524 3043 a
539 2977 641 3041 uerbis
656 2996 693 3039 so
707 2977 837 3057 suffere
852 2980 905 3058 (=
921 2976 1001 3059 App.
1018 2977 1104 3057 39‚3)
1119 2975 1152 3039 in
1166 2992 1201 3038 eo
1216 2974 1362 3038 ammte.
1384 2972 1439 3038 his

317 3088 479 3173 praesidiis
489 3089 523 3153 in
534 3089 591 3153 hac
605 3088 729 3152 demum
745 3088 918 3176 recensione
932 3088 1088 3170 permulta
1098 3106 1177 3169 quae
1187 3087 1279 3152 cutm
1291 3084 1437 3169 intellegi

317 3218 378 3266 non
392 3201 534 3281 poterant
548 3198 662 3263 rectius
678 3200 847 3264 constituta
862 3200 943 3278 suut,
960 3199 1050 3283 plura
1063 3200 1183 3264 restant
1194 3198 1295 3264 adhuc
1307 3198 1440 3263 obscura

227 3298 230 3303 ¹
318 3314 350 3379 et
364 3313 534 3377 restabunt.
554 3330 627 3375 nam
643 3312 748 3375 utrum
765 3330 801 3375 aa
816 3312 953 3376 contorto
968 3329 1078 3395 genere
1093 3310 1289 3391 dicendique
1304 3309 1439 3391 scriptor

317 3424 419 3490 ut'tur
444 3424 623 3505 explicanda
647 3423 710 3487 sint
732 3442 772 3487 an
794 3423 989 3487 hbrariomm
1017 3422 1170 3487 erroribus
1193 3422 1361 3487 debeantur
1382 3419 1441 3482 nix

317 3537 419 3619 potest
438 3537 569 3611 decerni.
590 3574 633 3583 -
646 3536 692 3599 IV
708 3538 776 3601 Ad
790 3536 1091 3600 Nouaticaocum.
1111 3535 1194 3599 hunc
1212 3532 1382 3598 tractatum
1396 3530 1439 3595 ab

319 3648 556 3730 episcopocum
583 3646 732 3729 Cypriane
759 3647 907 3712 aduersum
933 3644 1123 3729 Stephanum
1150 3644 1202 3729 (cI.
1226 3644 1265 3708 A.
1286 3639 1376 3727 ded)
1405 3643 1441 3707 et

317 3758 505 3823 Felicissimi
525 3757 659 3822 schisma
679 3757 732 3842 (ef.
749 3757 787 3821 A.
804 3756 913 3843 54,12)
935 3759 1037 3823 stante
1060 3756 1165 3841 paullo
1179 3756 1249 3839 post
1263 3754 1434 3818 Decienam

318 3868 559 3953 persecutionem
583 3866 636 3953 (oi.
653 3868 763 3952 5735)
785 3870 992 3951 conscmptum
1012 3870 1176 3953 postquam
1199 3865 1293 3931 editio
1307 3864 1438 3929 Dauen-

318 3980 442 4045 t'riensis
458 3978 602 4062 Cypriani
618 3980 761 4061 operibus
776 3981 898 4059 adiecit,
920 3981 1051 4045 editores
1066 3998 1136 4050 cum
1151 3976 1254 4043 adres
1269 3973 1441 4055 dequibus

352 4151 377 4217 ¹¹)
390 4149 515 4205 Contiuet
535 4149 639 4203 libellos
660 4149 706 4213 IV,
727 4150 771 4203 De
788 4151 856 4204 hono
871 4151 1025 4219 padicitiae
1046 4149 1102 4216 (iol
1114 4148 1243 4215 8b-13·).
1264 4144 1310 4198 VI.
1328 4143 1360 4197 V.
1372 4142 1440 4199 XII.

318 4236 394 4333 XIII.
412 4234 488 4374 {11ss
504 4234 535 4288 X
553 4235 600 4300 IX,
619 4236 697 4304 epist.
711 4240 751 4300 11,
768 4238 915 4291 tractatum
925 4237 973 4291 Ad
984 4235 1175 4291 Nouariam
1192 4234 1235 4300 (=
1246 4233 1314 4299 App.
1327 4245 1351 4298 p.
1363 4232 1442 4300 ⁶²28)

319 4324 346 4375 et
357 4321 405 4375 hb.
459 4360 465 4374 .
1282 4362 1290 4373 ,
