3025 4967
359 407 444 456 axvi

359 544 455 610 etiam
474 544 525 609 hio
544 545 740 629 conspicitur.
767 544 903 608 retemm
921 544 1070 608 nonnulla
1089 544 1205 610 rectius
1225 547 1309 628 apud
1323 546 1486 631 Hierony-

359 675 446 720 mum
459 654 506 739 (h)
520 657 674 740 leguntur,
698 657 786 721 culus
805 657 887 723 inter
908 673 999 737 opera
1013 655 1075 742 (ed.
1090 656 1217 722 Martia.
1234 657 1262 721 V
1283 678 1314 740 p.
1328 658 1402 736 405,
1426 658 1482 723 ed.

359 766 492 832 Vallars.
508 766 554 831 XI
568 767 589 832 2
603 787 633 850 p.
649 768 724 849 357)
746 768 879 851 epistula
897 768 962 832 iam
976 767 1031 831 diu
1045 769 1116 833 ante
1129 768 1294 833 Baluzium
1308 768 1485 848 ferebatur,

359 877 441 961 quod
460 878 526 960 lpse
539 896 599 943 non
613 878 786 962 ignorabat.
803 914 846 927 -
859 878 952 943 XVII
968 882 1172 947 Commota
1186 878 1338 963 Cypriane
1351 882 1487 946 Tertul-

358 990 440 1055 limo
451 989 522 1054 aliis
533 989 689 1072 adscripta
697 990 1077 1074 erhaosupposilioiorum
1088 1012 1215 1076 operum
1225 991 1380 1075 farragine
1390 992 1490 1056 nolui

359 1100 504 1184 relegare,
526 1119 596 1165 oum
616 1117 695 1166 noua
714 1102 864 1183 quaedam
884 1102 1037 1184 praesidia
1051 1104 1091 1169 ad
1105 1121 1211 1168 eorum
1230 1103 1488 1169 emendationem

359 1210 515 1291 haberem,
537 1211 649 1293 quibus
671 1215 741 1295 post
762 1213 912 1279 odillones
926 1215 1080 1303 plincipes
1095 1214 1149 1279 diu
1162 1214 1304 1299 neglecta
1318 1214 1358 1279 ad
1371 1216 1491 1297 077077-

358 1342 444 1402 num,
471 1322 702 1406 quallsoumque
727 1322 781 1388 ille
805 1325 861 1404 007,
886 1325 1019 1391 nitorem
1044 1326 1169 1391 restitui
1194 1344 1283 1409 posse
1307 1326 1488 1409 sperabam.

361 1434 533 1502 Gonoessa
554 1453 676 1500 carmen
698 1454 760 1500 uua
783 1454 854 1500 oum
870 1435 1003 1501 Sodoma
1016 1436 1164 1501 Metellus
1184 1454 1221 1503 er
1241 1436 1344 1503 oodioe
1365 1437 1491 1502 biblio-

359 1549 467 1615 theoae
488 1546 518 1619 S.
540 1548 675 1613 Victoris
696 1547 817 1629 primus
838 1547 946 1612 edidit.
969 1566 1026 1631 ego
1048 1548 1177 1614 eundem
1199 1548 1393 1614 Viotorinum
1414 1550 1493 1615 380

359 1659 413 1746 (Β)
432 1676 512 1724 nuno
526 1658 731 1723 ParisIsnsem
757 1676 834 1724 seeo.
850 1658 930 1723 XIII
955 1659 1137 1745 diligentius
1159 1660 1277 1727 exoussi
1298 1660 1396 1726 allero
1418 1679 1492 1726 non

358 1752 493 1854 innenlo,
509 1769 597 1836 ouius
612 1769 726 1835 auxilio
742 1770 825 1835 unioi
841 1771 953 1835 oorliois
964 1772 1076 1837 menda
1086 1772 1274 1856 grauissima
1282 1772 1490 1839 onerentur.

358 1883 493 1948 earmina
507 1882 686 1952 aooemn
700 1883 731 1947 07
745 1883 920 1964 proximum
934 1880 984 1947 De
997 1882 1080 1947 Iona
1101 1882 1240 1949 eiusdem
1262 1883 1397 1948 auctoris
1411 1902 1489 1949 esse

358 1996 393 2061 L.
408 1994 540 2061 Mueller
556 1994 658 2078 (Mos.
680 1994 782 2059 Rieu.
808 1995 889 2060 1867
912 2014 942 2077 p.
963 1995 1041 2079 329)
1063 1995 1183 2076 primus
1207 1994 1362 2060 intellexit
1385 1994 1492 2076 idque

359 2107 472 2174 oodiois
497 2108 681 2172 Parisiensis
706 2106 792 2171 2772
817 2126 896 2171 suso.
922 2106 952 2169 X
977 2106 1036 2191 (Η)
1061 2106 1259 2189 inscriptione
1286 2104 1493 2187 0000007000

361 2218 554 2283 7070777007
573 2218 611 2281 do
630 2217 750 2283 00077770
760 2217 915 2283 ,Sodomae
928 2221 956 2281 07
971 2217 1095 2282 Niniue
1114 2217 1321 2284 confirmatur.
1347 2218 1492 2284 duorum

358 2330 583 2395 ParisIensium
603 2329 677 2393 HR
698 2327 881 2393 lectionibus
902 2328 936 2393 in
956 2328 1146 2393 emendando
1168 2346 1228 2393 non
1248 2329 1386 2395 multum
1408 2347 1493 2411 pro·

359 2440 528 2519 fioeremus,
554 2441 615 2506 nisi
637 2440 813 2505 aooessissel
832 2439 969 2521 optimus
992 2439 1085 2505 oodex
1099 2439 1265 2504 Vossianus
1285 2439 1307 2504 l.
1323 2439 1351 2520 Q
1365 2440 1409 2505 86
1424 2440 1494 2527 (Α)

358 2543 494 2617 ‘ineunle
519 2552 622 2635 polius
648 2544 741 2633 quam
762 2552 902 2616 exeunte·
915 2568 992 2615 seeo.
1015 2539 1071 2614 IX'
1097 2550 1198 2615 iudioe
1213 2549 1320 2617 Geelio
1345 2551 1494 2633 scriptus

360 2664 412 2750 (ef.
433 2662 643 2729 Schneidewin
659 2662 809 2727 Marls'ol.
835 2682 866 2745 p.
887 2662 950 2727 680
973 2662 1218 2728 intuleramus
1239 2661 1367 2727 Antlol.
1391 2662 1495 2729 lael

358 2795 388 2859 p.
397 2774 587 2859 XXXVIII),
602 2775 689 2839 ouius
704 2774 872 2857 scripturas
881 2775 915 2838 1..
924 2773 1057 2839 Mueller
1069 2774 1103 2838 in
1113 2774 1220 2840 Museo
1228 2774 1323 2839 Rhen.
1339 2774 1495 2855 publica·

359 2888 416 2953 uil.
442 2888 535 2953 codex
560 2888 613 2969 qui
639 2886 715 2951 olim
737 2887 771 2951 in
794 2885 982 2951 bibliotheca
1007 2885 1187 2950 monasterii
1208 2886 1494 2953 LaureshamensIs

359 2998 510 3077 exstabat,
526 3016 562 3062 er
574 3015 633 3079 quo
643 2998 700 3063 hoo
712 2998 885 3063 oarmenlo.
896 2996 1096 3063 Siochardum
1110 2998 1268 3062 euenum
1279 2996 1493 3064 000οΒ77000-

358 3128 416 3177 nus
427 3112 461 3176 in
475 3108 662 3192 praefatione
673 3109 712 3174 ari
725 3109 910 3175 Tertulliani
924 3126 1016 3191 opera
1029 3108 1089 3192 (ed.
1106 3106 1199 3190 1528)
1215 3107 1346 3190 dicebat,
1360 3112 1495 3189 perisse

359 3222 493 3287 uidetur.
516 3221 574 3286 hoo
595 3220 728 3285 earmiae
751 3221 872 3302 recepto
894 3238 954 3285 non
974 3221 1113 3301 poteram
1132 3237 1193 3283 non
1213 3220 1324 3283 addere
1343 3218 1497 3285 allorum

360 3334 497 3399 eiusdem
512 3335 620 3416 posiae
634 3336 823 3401 Dolona
836 3332 1030 3415 inscriptum,
1046 3331 1128 3413 qnod
1142 3349 1179 3396 ex
1193 3330 1295 3395 oodioe
1308 3327 1495 3398 Pithoeano

303 3500 308 3513 .
359 3445 483 3511 Iurelus
500 3445 598 3531 (Boeo.
609 3451 697 3527 potr.
713 3448 787 3511 tom.
805 3443 894 3526 VIII)
916 3443 1070 3528 uulgauil.
1095 3442 1203 3508 aderat
1216 3444 1338 3525 praeter
1351 3441 1495 3510 Vossia-

276 3574 309 3634 Δ
358 3576 434 3622 num
451 3557 504 3642 (A)
519 3556 761 3623 Vindobonensis
779 3556 818 3621 16
833 3573 910 3621 saec.
926 3553 973 3617 IX
989 3553 1046 3639 (A)
1062 3554 1146 3618 leotu
1161 3552 1374 3628 difficillimus,
1391 3556 1496 3621 ouius

360 3668 524 3733 oollatione
545 3668 648 3733 minus
668 3666 811 3732 anomala
825 3664 938 3730 Oehler
953 3662 1097 3749 (707077.
1112 3665 1188 3729 lom.
1210 3664 1243 3728 II
1261 3684 1290 3747 p.
1308 3662 1381 3746 769)
1405 3684 1497 3733 usus

363 3780 420 3843 esl.
446 3777 501 3843 hos
528 3779 603 3843 duos
627 3777 723 3843 libros
745 3797 781 3843 ex
802 3777 909 3842 eodem
934 3776 1052 3859 optimo
1073 3775 1154 3839 libro
1175 3774 1299 3840 fluxisse
1324 3780 1497 3848 oonstanti

361 3889 530 3953 lectionum
545 3906 692 3954 consensu
706 3890 842 3973 apparot.
864 3908 986 3954 oarmen
1002 3892 1148 3971 quartum
1162 3888 1229 3955 Ad
1242 3898 1498 3960 senatorem

361 3998 519 4065 aMoreIi0
533 3999 670 4083 primum
685 4000 805 4065 editum
814 4000 854 4064 ad
864 4000 1048 4066 uetustiores
1062 4018 1138 4082 quos
1152 4000 1258 4066 inueni
1272 4000 1498 4074 Perisieusem

282 4116 308 4180 F
361 4110 446 4175 2832
472 4129 550 4176 saeo.
566 4110 612 4175 IX
634 4110 682 4196 (7)
707 4114 738 4177 07
760 4111 845 4176 2772
867 4111 933 4197 (Η),
956 4104 1101 4195 quinium
1116 4115 1182 4181 Do
1197 4117 1375 4194 Pascha,
1391 4118 1498 4184 ouius

361 4221 456 4286 editio
481 4222 620 4304 princeps
640 4222 720 4289 Aldu
744 4221 840 4307 (Post.
857 4220 973 4288 077707.
996 4244 1090 4305 opero
1110 4245 1137 4291 a.
1161 4227 1255 4311 1501)
1277 4228 1415 4309 debetur,
1446 4234 1498 4298 ad

362 4333 480 4399 oodioes
491 4334 707 4427 EMpquorum
721 4336 760 4401 de
775 4336 955 4420 cognatione
969 4354 1063 4419 supra
1077 4338 1197 4404 diolum
1211 4340 1259 4404 007
1272 4358 1301 4421 p.
1313 4338 1436 4404 XXXV
1456 4348 1498 4409 07
