3025 4967
612 349 701 405 Vita.
809 380 811 386 v
1119 314 1120 323 ἵ
1160 368 1218 417 011

78 508 136 571 bus
148 524 187 571 cx
202 507 296 572 omni
310 508 398 590 parto
413 506 551 573 densatis
567 506 701 571 sublimo
716 507 928 588 spectaculum
944 508 1099 588 praebeat.
1115 508 1148 571 at
1163 526 1218 589 per

77 610 308 677 uror-mitatem
332 611 429 695 spatii
454 610 603 694 longioris
629 609 701 675 uisu
726 610 877 693 denegato
904 610 954 673 uel
977 630 1032 692 per
1057 609 1217 677 confusam

76 714 175 777 nimis
196 714 330 779 turbam
345 732 492 796 personae
507 713 646 779 fauentes
659 713 693 778 in
707 732 810 779 ramos
826 714 971 779 arborum
987 715 1156 797 repserant,
1177 733 1216 779 ne

75 817 126 881 uel
141 817 205 881 hoc
220 818 273 882 illi
288 819 464 902 negaretur,
480 819 517 883 ut
527 818 566 881 ad
577 816 725 882 Zacchaei
739 816 985 881 similitudinem
1000 817 1038 881 dc
1052 816 1216 881 arboribus

61 922 252 987 suidonetur.
269 922 325 986 sed
336 924 402 987 iam
416 920 524 1005 ligatis
535 940 590 1004 per
601 938 712 985 manus
727 938 798 985 suas
814 920 911 985 oculis
926 938 1047 987 moram
1062 920 1216 987 carnificis

76 1044 189 1107 urgere
213 1024 403 1108 temptabat,
427 1025 514 1089 ouius
536 1042 649 1089 munus
671 1025 720 1088 ost
741 1023 868 1107 forrum,
893 1025 924 1089 et
945 1024 1068 1089 labente
1090 1024 1217 1089 dextera

76 1128 227 1211 gladium
248 1128 305 1191 uix
323 1127 530 1193 sementibus
552 1127 662 1211 digitis
683 1126 846 1209 circuibat,
870 1128 966 1193 donec
981 1128 1020 1191 ad
1035 1129 1215 1209 perpetran-

76 1232 147 1295 dam
170 1231 307 1313 pretiosi
329 1231 389 1296 uiri
410 1232 541 1297 mortem
557 1230 785 1295 clarificationis
800 1231 876 1295 hora
891 1231 1020 1296 matura·
1029 1230 1216 1296 centurionis

77 1354 210 1399 manum
243 1353 386 1400 concesso
415 1334 546 1416 desuper
574 1334 682 1418 uigore
711 1334 870 1399 firmatam
899 1334 1057 1416 permissis
1087 1334 1214 1399 tandem

53 1438 204 1503 reuiribns
227 1438 397 1520 expediret.
420 1437 579 1503 obeatum
600 1438 747 1502 ecclesiae
768 1437 916 1519 populum
932 1438 986 1519 qui
1003 1436 1142 1518 episcopo
1158 1453 1213 1501 suo

79 1542 200 1606 talibus
211 1544 247 1606 ct
258 1541 356 1606 oculis
370 1542 489 1625 pariter
503 1543 535 1606 et
546 1541 687 1607 sensibus
702 1543 734 1605 et
746 1542 827 1623 quod
843 1541 1039 1624 estamplius
1054 1540 1213 1623 publicata

80 1663 152 1709 uoce
175 1663 359 1727 compassus
374 1646 423 1710 ost
437 1646 478 1723 et,
500 1644 582 1711 sicut
596 1645 663 1726 ipso
677 1645 831 1709 tractante
847 1662 968 1725 semper
982 1643 1131 1723 audierat,
1146 1642 1212 1707 Deo

79 1748 181 1813 indice
204 1750 371 1813 coronatus
394 1750 451 1813 est.
478 1748 621 1830 quamuis
642 1748 726 1813 onim
747 1767 809 1813 non
830 1746 969 1829 potuerit
992 1748 1115 1813 euenire
1130 1744 1212 1828 quod

79 1852 233 1933 optabant
253 1852 329 1916 uota
348 1851 535 1935 communia,
558 1852 595 1916 ut
610 1852 761 1917 consortio
782 1851 866 1935 paris
882 1852 998 1935 gloriae
1014 1850 1109 1915 simul
1123 1848 1211 1932 plebs

54 1957 147 2018 stota
167 1954 350 2037 patoretur:
374 1954 560 2035 quicumque
580 1954 637 2018 sub
654 1954 771 2019 Christi
793 1954 961 2037 spectantis
982 1954 1080 2019 oculis
1102 1954 1133 2018 et
1153 1950 1211 2017 sub

80 2058 209 2122 auribus
234 2056 405 2123 sacerdotis
426 2076 462 2121 ex
478 2058 581 2123 animo
604 2059 671 2140 pati
693 2060 804 2137 uoluit,
827 2078 882 2142 per
905 2058 1049 2122 idoneum
1072 2056 1139 2121 uoti
1163 2055 1211 2119 sui

80 2162 194 2226 testem
209 2160 380 2245 legationis
394 2161 619 2243 quodammodo
634 2162 758 2227 litteras
774 2164 813 2227 ad
828 2163 930 2227 Deum
944 2162 1042 2225 misit.

118 2263 173 2329 Sic
199 2265 416 2329 consummata
444 2265 584 2347 passione
608 2264 781 2348 perfectum
808 2267 864 2345 est,
895 2268 931 2331 ut
957 2264 1127 2347 Cyprianus
1158 2262 1212 2345 qui
1225 2267 1265 2329 lt

79 2368 233 2431 tonorum
255 2367 396 2433 omnium
419 2367 523 2433 fuerat
547 2368 722 2450 exemplum
742 2369 839 2435 ctiam
860 2368 1064 2434 sacerdotales
1086 2384 1211 2431 coronas

53 2472 110 2535 sin
132 2472 247 2536 Africa
270 2471 392 2552 primus
417 2470 580 2550 imbueret,
611 2472 685 2553 quia
709 2473 742 2536 et
768 2472 842 2537 talis
868 2490 933 2537 esee
958 2471 1029 2555 post
1055 2470 1210 2553 apostolos

80 2575 162 2655 prior
176 2577 332 2656 coeperat.
349 2593 458 2657 eiquo
473 2575 556 2639 enim
568 2573 751 2659 Carthagini
767 2576 961 2659 episcopatus
977 2576 1051 2640 ordo
1065 2595 1211 2641 numera-

80 2689 138 2753 tur,
159 2697 336 2759 numquam
356 2677 470 2759 aliquis
491 2678 634 2758 quamuis
650 2696 686 2742 ex
702 2678 789 2742 bonis
805 2679 837 2742 et
852 2679 1061 2744 sacerdotibus
1082 2681 1121 2744 ad
1136 2698 1209 2761 pas-

80 2781 198 2844 sionem
221 2780 343 2845 uenisse
363 2783 562 2846 memoratur.
586 2781 662 2845 licet
676 2800 799 2863 sempor
813 2782 878 2847 Deo
893 2783 1070 2863 mancipata
1085 2782 1210 2847 deuotio

79 2884 191 2949 dicafis
225 2883 405 2948 hominibus
433 2900 488 2965 pro
517 2883 670 2967 martyrio
699 2884 874 2965 deputetur,
905 2882 1075 2968 Cyprianus
1104 2886 1209 2949 tamen

52 2988 173 3052 sebam
188 2987 232 3052 ad
246 2986 419 3070 perlectam
439 3005 581 3052 coronam
596 2987 729 3051 Domino
750 2990 984 3053 consummante
1004 2988 1150 3070 proiecit:
1173 2989 1210 3052 ut

80 3094 109 3157 in
128 3092 264 3158 ciuitate
289 3091 366 3172 ipsa,
392 3091 425 3155 in
446 3109 507 3173 qua
528 3090 635 3154 taliter
656 3090 777 3155 uixerat
798 3092 829 3155 et
850 3091 883 3155 in
903 3110 964 3173 qua
986 3091 1070 3173 prior
1093 3090 1209 3156 fecerat

79 3196 178 3261 multa
204 3194 364 3277 praeclara
389 3194 475 3275 prior
500 3195 533 3258 et
557 3193 722 3259 sacerdotii
747 3194 889 3259 caelestis
911 3195 1046 3278 insignia
1073 3195 1208 3279 glorioso

80 3316 183 3363 cruore
198 3298 369 3363 decoraret.
393 3297 468 3379 quid
484 3298 624 3363 hocloco
639 3296 776 3363 faciam?
796 3297 878 3362 inter
893 3298 1042 3381 gaudium
1057 3297 1209 3380 passionis

81 3405 110 3466 et
129 3400 313 3467 remanendi
339 3400 477 3465 dolorem
503 3399 537 3465 in
559 3401 663 3482 partes
689 3399 809 3465 diuisus
835 3401 957 3465 animus
982 3401 1014 3465 et
1039 3402 1208 3485 angustum

16 3619 17 3684 i
128 3622 605 3693 ldensctiscacsedcnsalispm.2
712 3622 1024 3692 atom.p,adw,sedu
1135 3624 1208 3679 2uel

16 3737 17 3740 =
82 3724 249 3778 paraliam
344 3708 511 3778 3porsonae]
525 3725 663 3778 praessura
674 3725 720 3778 top
814 3695 951 3777 repserant
963 3731 991 3780 μ,
1003 3712 1174 3780 respirantia

16 3827 17 3856 ,
81 3794 251 3866 lnegarotao
331 3794 454 3863 cacheip
533 3794 760 3859 buidercntfort.
842 3796 908 3866 bet]
921 3795 1039 3850 ctiamro
1116 3795 1209 3850 laben-

82 3880 310 3949 temdcxteramp
422 3879 619 3949 8hora]orap
733 3881 766 3933 11
779 3880 844 3934 talis
857 3902 884 3949 μ,
896 3882 976 3937 talio
1087 3884 1115 3937 et
1126 3881 1207 3951 quod]

83 3966 178 4036 qnodp
264 3969 371 4035 astris.
384 3966 483 4020 ΖΛΜ
556 3965 710 4035 'publicato
798 3967 832 4020 12
844 3967 901 4036 ipso
913 3984 962 4023 ooo.
977 3984 1001 4021 ao
1087 3968 1120 4022 14
1132 3968 1208 4036 uota]

85 4052 171 4106 nitaro
249 4053 291 4122 ut]
304 4055 370 4106 otro
457 4052 554 4120 parico
631 4054 665 4107 15
676 4055 704 4107 et
716 4052 776 4123 sub]
790 4052 875 4107 subto
962 4054 993 4106 17
1008 4054 1172 4122 legationiao

86 4136 295 4191 leacetdolalis
305 4155 352 4206 cop
433 4152 566 4192 coronato
646 4128 782 4205 CCst'om.
795 4141 828 4205 μι
909 4138 1078 4203 22ctbonus
1091 4142 1165 4193 etex
1178 4160 1207 4209 μ,

87 4221 231 4278 abonisw
333 4224 568 4293 asmmsipatuw
670 4225 860 4294 25perlecitp
962 4226 1102 4294 26inqna
1113 4226 1210 4282 taliter

89 4308 386 4380 ncipprioronnp
490 4311 563 4379 prior
574 4326 662 4365 cumo
765 4311 973 4381 aucupatione
