3025 4967
315 369 389 418 un

315 520 386 575 asos
427 520 729 609 gensericum.
807 520 1045 588 moecenatem
1114 508 1292 579 eumue}
1362 541 1435 595 peso-

313 606 467 677 maolpao
543 607 965 677 peepcumcmdmmm
1052 610 1234 680 ledeacips'at
1313 617 1435 669 tieem-

314 693 444 748 morabor.

320 824 346 890 V
360 827 427 892 Dc
444 828 754 909 mmmmm.
777 828 902 895 libellus
919 829 1029 895 eontra
1041 826 1229 913 Opprimnm
1248 846 1268 895 a
1281 827 1433 913 Stephani

315 938 415 1003 amico
431 939 626 1023 conscriptus
640 960 668 1007 a.
683 941 768 1007 1648
787 941 925 1023 primum
938 958 958 1007 s
970 938 1110 1025 Rigaltio
1129 940 1232 1007 editus
1247 942 1305 1007 eet
1331 940 1435 1007 edidit

315 1068 388 1116 sero
403 1050 450 1117 ad
470 1052 683 1137 apographum
704 1053 786 1137 qued
809 1070 847 1117 or
869 1052 972 1118 codice
991 1050 1022 1118 S.
1038 1052 1176 1136 Remigii
1190 1052 1350 1119 Bonnensis
1364 1051 1436 1119 Sir·

315 1162 447 1229 mondus
467 1162 637 1229 confeceret
651 1178 711 1229 non
726 1183 764 1229 ee
773 1182 839 1247 qua
850 1164 979 1229 unicum
991 1162 1129 1231 codicem
1143 1164 1285 1229 excutere
1298 1163 1436 1229 debebat

316 1273 480 1357 diligentia
493 1275 586 1356 etque
601 1293 682 1340 cura
698 1274 861 1341 nonnullos
872 1274 968 1340 buius
977 1274 1145 1359 apographi
1155 1291 1272 1341 errores
1282 1274 1436 1340 Balunins

316 1384 370 1467 qui
381 1386 450 1467 post
461 1384 657 1451 Sirmondum
672 1386 809 1451 codicem
822 1386 937 1452 mmm
950 1386 1083 1452 contulit
1095 1386 1236 1451 correxit
1251 1386 1307 1451 sed
1320 1386 1431 1451 dolen·

316 1494 391 1560 dum
413 1497 461 1561 est
481 1515 551 1561 enm
571 1514 631 1562 non
651 1496 816 1582 diligenter
835 1497 1004 1577 adnotasse,
1025 1500 1132 1563 utrum
1151 1516 1229 1581 quae
1243 1498 1365 1563 diuersa
1378 1516 1437 1561 ex-

315 1606 418 1673 hibuit
443 1606 487 1671 sic
512 1608 545 1673 in
569 1608 671 1673 codice
695 1607 884 1675 exstitissent
904 1628 946 1675 an
970 1610 1143 1675 coniectura
1166 1610 1268 1675 essent
1293 1608 1432 1673 inuecta.

313 1717 370 1783 bas
393 1717 614 1801 discrepantiae
634 1714 751 1803 legdnti
772 1719 986 1786 diiudicandae
1007 1720 1042 1785 in
1055 1720 1254 1787 adnotatione
1274 1719 1431 1803 proposui.

315 1828 452 1895 codicem
463 1830 570 1913 ipsum
584 1830 701 1896 frustra
715 1846 798 1896 ame
809 1830 915 1897 Remis
930 1832 1106 1914 quaesitum
1119 1850 1192 1897 cnm
1205 1830 1433 1896 uetustissimis

316 1936 403 2007 illiue
424 1940 629 2009 bibliothecae
649 1940 738 2009 libris
758 1936 1050 2009 incendiodeletnm
1065 1960 1131 2009 esse
1144 1945 1231 2025 puto.
1247 1978 1289 1991 -
1303 1940 1348 2007 VI
1363 1944 1435 2011 De

316 2057 581 2122 meccmmem.
611 2054 703 2120 huius
731 2054 806 2119 libri
829 2055 952 2121 codices
980 2056 1130 2137 quotquot
1159 2054 1281 2121 exstant
1306 2073 1344 2119 ex
1367 2074 1435 2121 uno

317 2166 445 2233 alterins
466 2166 604 2233 familiae
619 2167 783 2250 archetypo
797 2165 1032 2249 interpolatione
1046 2165 1086 2231 ab
1096 2164 1215 2250 origine
1229 2165 1436 2249 degenerante

317 2278 479 2363 propagati
505 2277 585 2341 eunt.
611 2295 682 2343 nam
708 2276 785 2359 quin
810 2277 903 2342 codor
916 2276 1099 2342 Parisiensie
1124 2275 1227 2343 13047
1244 2276 1311 2363 (D),
1337 2296 1435 2361 quem

318 2389 463 2471 conplura
482 2388 596 2471 scripta
615 2388 686 2453 indo
706 2387 951 2470 transscripeiese
965 2407 1057 2471 supre
1069 2409 1101 2471 p.
1116 2388 1209 2453 XXII
1224 2388 1297 2467 dixi.
1319 2390 1436 2473 etipse

320 2502 359 2567 ud
370 2500 449 2566 hsnc
461 2501 613 2586 originem
629 2500 742 2579 redeat,
758 2501 791 2565 in
801 2501 890 2565 tento
903 2516 1047 2566 aeromm
1061 2500 1270 2584 falsorumque
1283 2515 1436 2568 umsensu

318 2611 449 2677 dubium
471 2630 531 2677 non
555 2613 610 2677 est.
634 2611 666 2676 in
688 2608 899 2677 emendatione
912 2607 946 2676 id
960 2612 1103 2696 inprimis
1125 2608 1436 2679 animaduertendum

319 2724 374 2806 est,
395 2723 475 2806 quod
497 2722 630 2787 editores
644 2740 748 2787 omnes
762 2717 881 2806 fugisse
895 2720 1027 2802 mneris,
1047 2723 1193 2789 libellum
1204 2742 1344 2791 sermone
1357 2724 1436 2789 uul-

318 2835 385 2919 gari
405 2834 611 2917 eonscriptum
624 2852 699 2912 esse,
721 2832 808 2899 cuins
823 2834 957 2919 uestigia
971 2834 1151 2901 oblitterata
1164 2836 1198 2901 in
1211 2835 1436 2902 retentoribus

317 2944 473 3011 codicibus
497 2940 749 3010 manifestissima
773 2943 864 3009 modo
885 2944 918 3009 in
940 2944 998 3010 hoc
1019 2946 1111 3011 modo
1133 2946 1164 3010 in
1183 2944 1242 3011 illo
1261 2944 1435 3027 untiquioti

317 3056 475 3141 apparent,
489 3055 578 3120 uelut
588 3054 618 3121 d
629 3056 703 3135 99‚6
720 3054 876 3137 duplicem
890 3076 928 3122 m
941 3058 1101 3139 gemimsm
1115 3059 1236 3123 crinem
1249 3054 1436 3137 cumidem,

321 3169 434 3247 101‚1e
454 3168 500 3234 ad
513 3170 718 3238 mmmtiorem
738 3169 879 3234 mmmm
900 3168 952 3251 (cf.
968 3170 1066 3254 eze),
1089 3171 1204 3250 100‚10
1223 3192 1246 3236 c
1259 3170 1311 3235 dei
1326 3188 1439 3236 serrem

318 3280 407 3364 loope
419 3282 463 3344 eit
476 3280 604 3346 smum
619 3278 672 3367 (uf.
691 3280 823 3361 loe‚17;
844 3282 955 3359 99,18;
979 3282 1094 3366 1022),
1113 3282 1189 3367 992
1202 3282 1260 3348 sab
1273 3295 1438 3355 mmmmm

317 3386 506 3473 multiformi
526 3408 662 3471 nupsero,
685 3386 801 3469 101‚14
819 3408 852 3455 'ec
870 3390 1037 3473 mmmm,
1054 3398 1261 3473 parentorum
1279 3394 1439 3476 originem

317 3502 509 3567 domnorum
523 3501 575 3584 (ci.
592 3502 701 3580 98,14;
724 3502 834 3581 100‚e;
857 3502 967 3581 9t10;
983 3504 1099 3587 eme).
1115 3539 1157 3552 -
1172 3506 1234 3571 VII
1248 3509 1315 3573 Dc
1329 3509 1437 3573 dmo-

319 3618 395 3681 bom
415 3616 624 3680 manetem
644 3614 767 3693 (dmm
789 3614 971 3697 coemo).
993 3615 1044 3681 hic
1065 3616 1218 3683 tractatus
1231 3619 1339 3683 etdno
1358 3635 1437 3701 pro·-

317 3727 394 3792 rimi
407 3724 494 3792 nulla
509 3724 570 3792 alia
580 3727 619 3792 do
630 3744 720 3792 causa
730 3727 763 3791 in
775 3726 903 3792 alterius
921 3723 1061 3793 familiae
1075 3724 1289 3794 collectionem
1303 3746 1436 3814 operum

318 3838 568 3924 Cyprianicomm
587 3839 701 3921 recepti
721 3858 787 3905 esse
807 3838 962 3918 uidentur,
977 3860 1070 3923 quam
1084 3842 1157 3922 quia
1171 3842 1363 3907 celeberrimi
1377 3862 1436 3908 ex-

318 3951 442 4017 stabant
463 3949 607 4034 Cypriani
629 3950 683 4016 Ad
707 3948 882 4025 Quietum
904 3948 979 4015 libri
998 3952 1094 4036 uulgo
1113 3951 1279 4017 Aduersus
1297 3952 1439 4020 mecm

316 4062 468 4145 inscripti.
494 4061 652 4145 archetypi
676 4062 890 4145 integritatem
916 4062 1011 4127 etiam
1034 4062 1066 4127 in
1085 4062 1136 4128 his
1159 4064 1252 4129 codex
1267 4064 1292 4127 Τ
1310 4064 1439 4146 optime

319 4174 470 4251 seruauit3
494 4192 586 4257 quere
610 4193 680 4238 eum
703 4172 858 4256 imprimis
882 4173 1069 4255 sequendum
1091 4192 1155 4240 esse
1177 4176 1284 4241 statui.
1308 4194 1344 4240 ea
1358 4196 1436 4244 uero

317 4284 479 4370 integritas
493 4285 526 4350 in
541 4285 675 4351 treotatu
689 4284 741 4349 Dc
754 4284 871 4349 duobus
890 4285 1045 4350 montibus
1064 4286 1304 4353 cabbclistarum
1315 4286 1439 4356 delira·
