3025 4967
448 393 607 463 Epistula
625 392 856 448 vrri-vnn.
1142 396 1207 461 489

85 576 103 621 a
125 553 215 617 uobis
237 552 358 618 litteras
380 551 420 616 ad
441 570 491 616 me
512 551 624 616 missas
646 569 700 633 per
721 548 932 615 (trementium
952 549 1207 632 hypodiaconum,

86 659 195 741 quibus
215 657 392 740 plenissime
413 655 451 718 de
465 655 597 738 glorioso
620 654 685 718 eius
709 654 792 718 exitu
815 654 992 734 instmerer,
1016 655 1048 717 et
1069 653 1208 716 exultari

86 762 162 826 satis
188 759 269 841 quod
294 776 349 840 pro
382 757 560 840 integritate
586 756 864 821 administrationis
890 755 956 820 eius
986 755 1209 820 consummatio

86 881 206 946 quoque
225 864 352 927 honesta
366 862 555 945 processerit.
594 860 626 924 in
642 878 700 941 quo
716 860 804 924 uobis
820 878 939 941 quoque
952 858 1123 940 plurimum
1138 876 1209 942 gra-

69 967 172 1031 ctulor
186 965 266 1058 quod
282 967 346 1031 eius
359 965 540 1031 memoriam
555 966 621 1029 tarn
637 963 748 1029 celebri
764 965 796 1028 et
810 963 935 1028 inlustri
949 962 1125 1027 testimonio
1139 979 1211 1045 pro-

88 1070 270 1152 sequamini,
286 1071 322 1134 nt
336 1087 456 1152 paruos
470 1069 672 1134 innotesceret
691 1068 780 1132 nobis
796 1067 876 1151 quod
890 1068 922 1131 et
938 1066 1026 1130 nobis
1040 1067 1120 1130 esset
1131 1065 1211 1130 circa

86 1172 254 1253 praepositi
267 1173 450 1237 memoriam
472 1172 641 1256 gloriosum
655 1173 686 1236 et
700 1171 789 1236 nobis
811 1188 930 1253 quoque
944 1169 1017 1234 fidei
1032 1189 1067 1234 ae
1082 1168 1210 1233 uirtutis

85 1275 246 1357 praeberet
275 1275 457 1358 exemplum.
495 1293 568 1339 narn
599 1275 751 1356 quantum
773 1274 943 1355 perniciosa
963 1292 1012 1337 res
1034 1272 1081 1337 est
1101 1271 1141 1335 ad
1162 1289 1212 1336 se·

87 1379 248 1461 quentium
263 1379 385 1461 lapsum
400 1379 489 1443 ruina
511 1379 686 1461 praepositi,
710 1378 743 1442 in
758 1379 880 1442 tantum
900 1377 1005 1441 contra
1020 1376 1098 1439 utile
1113 1376 1160 1440 est
1181 1376 1213 1439 et

58 1483 224 1547 resalutare
239 1502 310 1547 curn
325 1501 357 1547 se
372 1482 530 1563 episeopus
545 1501 600 1565 per
613 1481 844 1546 firmamentum
865 1479 938 1544 fidei
953 1479 1103 1544 fratribus
1124 1497 1214 1560 prae-

91 1585 147 1650 bet
161 1585 355 1650 imitandum.

128 1689 207 1773 Legi
229 1690 324 1755 etiam
344 1690 476 1770 litteras,
498 1690 531 1754 in
546 1689 657 1772 quibus
671 1707 726 1753 nee
741 1689 795 1770 qui
817 1685 995 1770 scripserint
1015 1701 1071 1749 nec
1085 1683 1124 1748 ad
1139 1687 1244 1766 quest

91 1792 243 1875 scriptum
272 1795 314 1858 sit
343 1793 551 1878 significanter
580 1811 755 1876 expressum
788 1793 845 1856 est.
890 1791 922 1855 et
943 1789 1088 1871 quoniam
1110 1805 1161 1851 me
1182 1787 1217 1850 in

93 1895 195 1960 isdem
219 1895 334 1962 litteris
349 1897 381 1961 et
395 1896 547 1977 scriptura
563 1896 594 1960 et
608 1913 714 1959 sensus
729 1895 761 1958 et
776 1893 898 1958 chartae
913 1892 996 1973 ipsae
1017 1908 1136 1972 quoque
1151 1905 1216 1953 me·

62 2001 206 2063 iuuerunt
219 2017 257 2064 ne
271 2000 346 2081 quid
360 2019 396 2064 er
412 2017 482 2065 noro
497 2000 548 2064 uel
570 1998 765 2064 subtractum
787 1997 830 2062 sit
850 1995 902 2060 uel
923 1994 1123 2070 inmutatum,
1147 2011 1217 2056 ean·

91 2102 164 2168 dem
186 2103 226 2167 ad
248 2121 302 2167 uos
324 2105 487 2186 epistolam
508 2103 715 2169 authenticam
737 2101 854 2178 remisi,
877 2101 913 2164 ut
934 2095 1158 2183 recognoscatis
1178 2114 1218 2160 an

92 2205 162 2288 ipsa
182 2205 224 2269 sit
239 2225 332 2288 qnam
348 2205 521 2273 Orementio
535 2207 744 2290 hypodiacono
758 2203 971 2289 perferendam
986 2201 1123 2266 dedistis.
1147 2218 1217 2282 per·

94 2328 187 2390 quam
211 2310 324 2374 etenim
346 2329 440 2394 grane
462 2311 524 2388 est,
549 2310 575 2375 si
598 2310 748 2393 epistulae
771 2308 899 2374 clericae
921 2306 1036 2371 ueritas
1057 2301 1217 2368 mendacio

96 2413 201 2495 aliquo
222 2412 254 2477 et
268 2412 375 2478 fraude
397 2413 540 2495 corrupta
562 2414 618 2478 est.
656 2414 712 2478 hoc
727 2412 826 2495 igitur
847 2411 884 2475 ut
905 2409 982 2474 scire
1001 2406 1163 2489 possimus,
1187 2405 1219 2469 et

60 2517 281 2599 ascripturum
296 2516 327 2578 et
341 2515 598 2600 subscriptionem
619 2536 658 2580 an
673 2517 775 2580 nestra
790 2514 833 2578 sit
847 2512 1052 2596 recognoscite
1074 2509 1106 2573 et
1130 2507 1219 2574 nobis

95 2619 169 2701 quid
191 2617 287 2684 sitin
308 2635 379 2683 uero
401 2619 569 2684 rescribite.
606 2621 678 2700 opto
692 2635 756 2695 uos,
781 2617 891 2682 fratres
914 2614 1077 2696 carissimi,
1099 2630 1220 2694 semper

98 2721 174 2788 bene
188 2723 301 2787 ualere.

146 2947 160 3000 1
179 2962 195 2999 a
213 2944 290 2998 uobis
317 2945 406 3014 accepi
425 2964 446 2997 ω
518 2943 687 2997 crimentium
710 2943 807 2996 ΕΙΜο
886 2942 904 2995 2
926 2941 1071 2994 instrueret
1089 2938 1153 3000 Μ’,
1179 2935 1221 2990 in·

96 3033 183 3086 struet
194 3032 221 3086 T
298 3031 431 3100 aquaque
444 3029 519 3084 nobis
532 3029 606 3084 used
619 3045 721 3098 quoqne
731 3045 751 3084 e.
765 3030 782 3082 l.
795 3045 829 3082 m.
847 3032 866 3083 2
951 3023 1109 3095 ‘lpropositi
1122 3023 1147 3076 Τ
1151 3025 1158 3056 ¹
1166 3040 1188 3075 ω

99 3117 208 3172 anobis
226 3117 295 3171 E¹ee
380 3117 398 3170 8
415 3119 515 3185 quanto
534 3135 556 3169 ω
642 3117 809 3184 sequentiam
830 3117 866 3179 T,
890 3111 1108 3182 consequentium
1129 3109 1156 3164 V

99 3201 117 3254 9
128 3205 168 3255 est
179 3201 218 3270 ct]
232 3203 260 3254 et
272 3217 329 3255 ooo
383 3199 415 3253 12
427 3199 534 3252 litteras
546 3198 615 3252 aliae
627 3199 655 3263 T,
674 3198 742 3252 alias
754 3198 861 3252 litteras
870 3196 990 3251 Effloo
1042 3195 1099 3264 nec]
1112 3210 1146 3248 ne
1154 3195 1192 3248 Μ

103 3286 240 3356 scripserit
252 3287 312 3356 quis
325 3287 383 3355 (qui
396 3287 430 3356 ω)
442 3286 523 3350 Ebu,
542 3286 588 3353 qui
599 3284 670 3353 (quio
682 3286 725 3351 Io)
738 3283 877 3351 scripserit
888 3283 983 3337 MTIo
1017 3282 1092 3350 quos]
1104 3296 1152 3334 uos
1165 3280 1191 3334 Τ

99 3372 133 3426 14
149 3372 254 3428 medem
266 3373 422 3436 E¹MoTu,
443 3371 539 3426 iisdem
551 3371 584 3426 Io
652 3371 761 3424 carthae
771 3371 828 3424 ET
893 3368 952 3438 ipse
963 3367 1055 3422 ΕΤΜ
1130 3367 1165 3420 15
1181 3366 1226 3436 ne]

100 3461 185 3514 neoT
229 3460 392 3513 sustractum
405 3459 442 3513 Τ·
497 3457 551 3526 uel]
564 3456 681 3510 uellitT
729 3455 902 3510 mutatum'l'
952 3455 986 3508 16
997 3451 1195 3507 autenticamI

104 3545 144 3614 ut]
168 3548 200 3600 ut
227 3561 287 3600 cum
308 3546 334 3599 Τ
399 3543 670 3613 recognouiscatisd'
737 3542 770 3595 17
794 3542 851 3610 ipse
868 3541 900 3594 E
967 3540 1001 3593 18
1023 3553 1119 3608 graues
1141 3539 1166 3592 Τ

103 3629 138 3682 19
152 3631 187 3701 et]
206 3630 251 3684 uel
271 3629 298 3684 V
358 3629 393 3684 20
410 3614 605 3698 subscriptione
626 3629 651 3682 T
705 3631 798 3682 uestra
813 3644 894 3682 manu
915 3627 942 3682 V
1001 3626 1037 3679 22
1053 3624 1143 3678 ualere
1159 3623 1226 3678 bene

102 3715 185 3770 ualcte
207 3717 243 3780 T,
268 3715 335 3770 bene
352 3716 442 3770 ualere
461 3714 550 3770 nalcte
568 3714 605 3768 M
621 3744 654 3752 -
672 3714 798 3784 Epistula
815 3713 942 3783 Cypriani
959 3710 1131 3767 rescribentis
1149 3709 1226 3777 (scri-

101 3800 162 3856 sau
179 3803 254 3870 nm
277 3801 374 3856 mmm
398 3803 467 3856 eum
484 3801 516 3856 ue
531 3800 680 3855 redditione
702 3800 819 3870 episcopi
841 3798 928 3853 urere
946 3783 1043 3867 (uere
1061 3798 1096 3866 m
1113 3793 1224 3865 expuet

100 3888 192 3954 Elll',
210 3904 259 3943 ora
279 3889 327 3954 Ia,
346 3887 464 3958 Explicit
482 3887 514 3942 de
530 3887 661 3942 redicione
678 3885 795 3942 urbieini
814 3884 935 3955 episcopi
948 3901 972 3940 c.
986 3914 1020 3925 -
