3025 4967
1188 438 1212 484 V

80 576 137 641 sis
148 574 479 643 BAPTJZANDJs
491 574 709 642 EXPLICIT
718 574 900 641 INCIPIT
910 576 976 639 AD
990 572 1116 640 ROGA
1121 574 1212 641 TIA-
1345 590 1350 597 ·
1371 553 1373 560 ⁵

76 688 172 751 o't-'M
191 687 257 750 ΕΤ
280 686 497 753 CETEROS
517 688 585 753 DE
610 686 918 754 OBSERVANDA
944 685 1213 752 DISCIPLINA

74 818 159 881 r=n
173 798 326 879 ocare),
342 799 367 862 f.
388 799 465 863 ree
482 798 528 865 ee
541 800 562 863 1.
580 800 654 865 exer.
671 782 965 865 amoenanda
978 800 1032 880 (ε.
1044 817 1073 880 n.
1089 795 1211 883 ecee),

73 908 256 973 ῐ,148“.ι3.1
285 911 310 974 l.
335 930 386 994 pr.
410 909 470 975 SA
493 910 730 975 SVFFERRE
752 909 845 985 QVO
870 912 926 994 (=
950 911 1029 994 App.
1057 930 1086 992 p.
1112 909 1211 993 395),

72 1021 87 1082 f.
110 1022 182 1086 155·
203 1020 250 1085 α’
275 1020 476 1087 CAECILI
494 1021 716 1088 CYPRIANI
730 1022 798 1086 DE
815 1020 873 1086 LA
881 1022 974 1087 VDE
986 1021 1218 1088 MARTYRII

70 1116 155 1198 nir>
163 1132 434 1198 aduncinare.

104 1245 193 1309 nune
229 1245 402 1327 optimum
438 1244 554 1309 iterum
575 1246 693 1321 ,ouon
722 1246 770 1311 rea
798 1245 937 1329 adhibui,
974 1247 1010 1310 uc
1039 1246 1101 1312 nisi
1130 1244 1211 1310 retro
1237 1224 1359 1309 nans

68 1358 249 1439 repugnaret
273 1358 336 1421 aut
358 1356 538 1421 manifestis
560 1356 614 1421 ille
632 1356 848 1438 inquinaretur
862 1356 992 1435 mendis,
1015 1356 1122 1423 contra
1136 1354 1211 1421 reli·
1233 1342 1363 1387 *lm*

66 1486 134 1549 quens
149 1468 249 1533 libros
267 1486 386 1532 omnes
401 1467 495 1532 huius
508 1467 677 1549 scripturas
692 1466 726 1531 in
740 1468 863 1533 textum
877 1468 1062 1549 reciperem3
1086 1485 1210 1533 summa

67 1580 141 1643 arim
162 1578 232 1643 eius
255 1580 441 1643 auctoritas
456 1579 489 1643 in
505 1597 540 1643 ec
556 1580 681 1644 moetus
702 1580 785 1661 quod
803 1598 866 1644 non
881 1598 949 1644 raro
964 1580 1139 1657 selusuera
1153 1580 1210 1644 aut

67 1708 202 1755 uercmm
226 1690 379 1773 uestigia
401 1690 542 1773 proxima
565 1690 620 1755 aut
638 1690 822 1755 mendorum
844 1688 958 1755 formae
980 1690 1106 1772 primas,
1129 1690 1211 1755 unde

67 1802 328 1885 interpolatorum
341 1802 519 1867 tentamina
529 1802 730 1884 explicantur,
743 1802 892 1878 seruauit,
906 1802 993 1867 cuius
1004 1802 1049 1866 rei
1061 1820 1133 1866 cum
1143 1804 1210 1871 sin·

69 1913 149 1996 gulae
170 1913 316 1997 paginae
333 1913 457 1994 optima
473 1913 672 1995 suppeditent
687 1912 836 1996 exempla,
859 1912 1039 1995 speciminis
1053 1913 1120 1978 loeo
1134 1913 1210 1977 baec

69 2044 136 2105 peno
156 2025 313 2090 celeriter
327 2024 494 2111 ,quaerenti
510 2024 715 2089 occurrentia:
738 2044 768 2107 p.
785 2024 904 2102 25635
919 2023 973 2088 ubi
990 2024 1103 2105 reliqui
1118 2024 1209 2105 quot

69 2145 132 2217 quot
154 2138 292 2201 exstant
315 2136 393 2200 libri
415 2135 605 2218 interpolata
628 2134 774 2199 exhibent
796 2135 892 2200 uerba
911 2136 967 2216 qui
987 2135 1045 2199 etsi
1058 2134 1210 2217 acfoodis
1307 2133 1309 2136 ’

69 2250 231 2330 aurificiis
254 2266 382 2311 manee-s
395 2267 461 2311 ooo
476 2246 784 2326 contaminatorum,
806 2246 922 2311 libellis
935 2251 1041 2311 tameo
1056 2247 1210 2311 cooecicrc·

69 2360 137 2423 imm
153 2360 367 2442 polluerunt,
394 2360 428 2423 in
450 2358 552 2424 soloS
574 2360 659 2424 extat
681 2357 816 2423 formula
837 2359 1059 2424 conscentium
1081 2358 1210 2423 miscue-

73 2476 149 2549 runt,
168 2472 318 2537 insolens
341 2471 470 2552 quidem
486 2471 553 2549 illa,
576 2470 630 2537 sed
644 2489 736 2551 quam
753 2471 887 2535 maxime
902 2471 1052 2555 genuina;
1074 2492 1111 2536 ea
1126 2472 1209 2535 enim

69 2584 163 2647 utitur
189 2585 248 2666 qui
278 2585 369 2648 totus
394 2582 587 2667 Cyprianum
613 2581 802 2647 imitandum
829 2582 890 2646 sibi
913 2583 1086 2665 sumpserat
1107 2582 1210 2648 libelli

70 2695 101 2759 de
114 2696 192 2759 torro
205 2696 393 2776 pudicitiae
407 2695 566 2761 auctorit.
579 2714 648 2778 pag.
662 2695 738 2774 20,5
748 2692 887 2775 nodam
901 2714 975 2758 aero
990 2694 1118 2759 iuuenis
1132 2694 1209 2774 quio

70 2806 173 2871 deiide
187 2807 423 2873 conscientium
437 2826 503 2871 ooo
517 2806 651 2887 miscuit,
669 2806 739 2871 etsi
754 2807 837 2871 recte
852 2806 947 2871 uerba
962 2806 1119 2884 constitui,
1135 2805 1208 2871 Cal-

70 2918 177 2985 douius
205 2919 245 2984 dc
269 2918 404 2983 muliere
426 2936 445 2983 a
467 2918 582 2995 marito
607 2916 648 2981 ad
670 2916 906 2982 sacrificandum
932 2918 1033 2981 tracta
1056 2916 1209 3001 Cypriane

70 3030 194 3113 scripsit
208 3050 285 3114 pag.
302 3030 400 3109 537,6
415 3029 638 3093 carnecorium
653 3048 718 3091 eoa
732 3028 932 3092 commiscuit.
949 3068 990 3077 -
1004 3048 1075 3113 pag.
1091 3030 1210 3108 304‚14

71 3140 215 3207 inSuox
237 3142 377 3207 occurrit
397 3141 558 3206 rarissima
580 3139 781 3221 offendicula,
801 3140 889 3205 onius
910 3140 1060 3205 inlocum
1081 3141 1209 3205 tritissi-

73 3272 155 3317 mum
176 3251 342 3317 scoreda-lo
363 3253 545 3335 receperunt
566 3251 678 3333 reliqui
700 3252 763 3315 fere
785 3268 890 3315 omues
905 3251 952 3314 ita
965 3252 1121 3334 legentes:
1144 3271 1210 3316 aaa

73 3366 132 3427 mut
152 3365 214 3429 tibi
234 3364 397 3429 madata
412 3365 473 3428 Isto
488 3363 543 3429 sed
553 3363 686 3444 proelio.
703 3400 747 3409 —-
761 3382 790 3443 p.
807 3362 926 3440 253,24
941 3382 1051 3465 aluere
1072 3363 1210 3446 proxime

75 3477 158 3541 abest
178 3476 216 3543 S:
247 3496 295 3540 aa
322 3476 491 3555 quisquam
517 3474 619 3539 maior
645 3475 699 3538 deo
724 3478 781 3537 oret
807 3472 990 3561 diecircallorc
1014 3473 1210 3555 clementior,

75 3589 195 3670 scripsit
223 3586 309 3653 enim
337 3584 520 3670 Cyprianus,
549 3586 583 3651 id
609 3586 690 3668 quod
716 3585 849 3650 Vahleni
875 3604 1004 3651 acumen
1030 3586 1121 3664 uidit,
1152 3590 1210 3651 oct

77 3698 179 3764 direioo
203 3718 314 3764 onwrc
340 3698 522 3763 clericaticr
548 3696 593 3783 (in
616 3696 701 3762 exitu
724 3697 878 3761 linearum
903 3698 1046 3781 uirgulae
1060 3698 1103 3715 Ν
1117 3716 1209 3781 super

81 3813 301 3895 antepositae
325 3810 512 3893 plemmque
534 3809 726 3874 euenuerunt
747 3809 781 3873 in
803 3807 849 3892 S).
873 3810 985 3891 reliqui
1009 3808 1082 3873 libri
1104 3826 1208 3874 omnes

83 3922 298 4009 interpolatoris
336 3922 506 3988 inuentum
536 3920 652 3984 diuina
681 3920 817 3985 bonitate
845 3918 1024 4007 clementior
1053 3920 1206 4007 exhibent

83 4054 138 4101 curu
155 4038 254 4123 igitur
269 4035 395 4103 codicis
412 4034 518 4097 uirtus
532 4034 621 4098 tanta
636 4033 689 4112 sit,
711 4032 776 4096 iam
791 4050 851 4097 non
866 4030 1105 4115 uituperabitur‚
1126 4030 1209 4112 quod

82 4149 152 4215 stem
167 4152 211 4217 eis
226 4151 261 4216 in
279 4149 378 4226 locis,
400 4140 458 4209 ubi
475 4144 664 4227 rebquorum
679 4144 831 4210 librorum
846 4144 1000 4226 scriptura
1014 4142 1095 4208 nihil
1110 4142 1207 4206 offen·

76 4261 146 4329 oens
167 4236 357 4349 praeberet,
389 4256 449 4322 sed
472 4256 575 4320 brnen
595 4255 629 4319 iu
650 4253 852 4339 Soguieriano
876 4255 1035 4340 singulare
1059 4253 1208 4337 quiddam

72 4376 139 4461 idqnn
160 4388 422 4456 nonnumquam
446 4368 553 4448 aperte
576 4367 727 4433 uitiosum
751 4368 877 4447 inesset,
902 4385 938 4430 er
959 4366 1016 4430 boc
1038 4364 1210 4431 diuinando
