3025 4967
292 346 313 414 6
682 343 831 417 Caecilii
848 343 1011 415 cypriani

291 500 461 582 crederem:
490 500 536 567 sic
555 500 644 567 uitiis
668 500 905 569 adhaerentibus
923 498 1131 567 obsecundans
1151 519 1251 581 eram,
1277 500 1417 583 despera·

290 602 375 669 tione
394 602 559 669 meliorum
578 603 671 670 malis
693 603 771 669 meis
792 602 879 669 uelut
899 602 964 669 iam
983 602 1114 687 pmpriis
1140 620 1176 669 ac
1196 602 1367 670 uernaculis
1386 602 1418 671 et

290 704 445 773 iacebam.
475 706 530 773 sed
547 708 713 790 postquam
735 705 836 773 undae
855 705 1009 791 genetalis
1029 704 1145 773 cunno
1165 705 1330 789 superioris
1349 704 1417 771 aeui

289 807 361 876 labe
375 810 496 878 detersa
508 808 542 874 in
556 809 714 893 expiatum
727 810 836 892 pectus
851 826 887 875 ac
900 827 1014 893 porum
1029 807 1159 891 desuper
1173 825 1206 873 se
1218 807 1326 875 lumen
1338 806 1417 875 inbr-

290 911 355 991 dit,
375 915 540 996 postquam
555 912 685 979 caelitus
699 911 813 995 spiritu
823 911 934 980 hausto
948 911 982 977 in
995 928 1112 977 nonum
1126 930 1176 977 me
1190 910 1349 979 hominem
1362 929 1416 976 na·
1437 940 1447 979 s

289 1014 399 1080 tinitas
425 1015 557 1081 secunda
576 1014 750 1098 repararit,
765 1013 882 1081 mirum
895 1014 929 1080 in
941 1014 1070 1079 modum
1083 1014 1225 1097 protinus
1240 1013 1417 1081 confirmare

289 1134 323 1184 se
337 1117 445 1196 dubia,
467 1118 572 1201 patere
587 1117 706 1197 ebuso,
728 1116 831 1185 lucere
845 1118 1021 1196 tenebrosa,
1042 1114 1225 1182 facultatem
1245 1116 1318 1183 dare
1338 1115 1418 1199 quod

288 1219 375 1305 prius
390 1220 516 1286 difficile
535 1220 715 1300 uidebatur,
738 1220 805 1306 geri
825 1238 914 1303 posse
935 1220 1016 1303 quod
1036 1219 1216 1304 inpossibile
1237 1219 1415 1303 putabatur,

288 1324 325 1389 ut
339 1325 423 1389 esset
434 1341 600 1408 agnoscere
618 1324 777 1389 terrenum
790 1322 903 1403 fuisse,
930 1323 1011 1405 quod
1024 1322 1111 1405 prius
1127 1322 1294 1389 carnaliter
1307 1323 1415 1388 natum

289 1426 412 1493 delictis
432 1426 597 1492 obnoxium
616 1425 751 1504 uiueret,
774 1424 833 1490 Dei
853 1443 920 1491 esse
934 1424 1084 1507 coepisse,
1107 1424 1189 1507 quod
1204 1424 1268 1490 iam
1282 1422 1416 1509 Spiritus
1425 1450 1447 1489 ιο

289 1530 412 1595 sanctus
426 1528 587 1595 animaret.
602 1528 663 1594 scis
673 1526 812 1611 profecto
823 1528 855 1593 et
864 1546 988 1593 mecum
1000 1527 1116 1611 pariter
1127 1526 1328 1613 recognoscis,
1343 1528 1417 1611 quid

288 1631 457 1699 detraxerit
471 1632 560 1697 nobis
580 1629 695 1715 quidue
708 1630 876 1697 contulerit
889 1647 973 1697 mors
987 1630 1049 1698 ista
1064 1630 1247 1709 criminum,
1271 1630 1338 1695 uita
1353 1628 1416 1695 nir-

287 1734 402 1801 tutnm.
426 1732 487 1800 scis
500 1734 582 1817 ipse,
603 1751 660 1800 nec
673 1732 825 1817 praedico.
848 1732 882 1799 in
895 1731 1034 1819 proprias
1048 1732 1156 1799 laudes
1171 1733 1276 1799 odiosa
1291 1732 1415 1800 iactatio

289 1839 351 1904 eet:
374 1836 517 1921 quamuis
546 1854 607 1902 non
629 1837 782 1903 iactatum
808 1836 907 1920 possit
930 1854 996 1902 esee
1018 1833 1073 1901 sed
1097 1837 1241 1921 gratum,
1270 1834 1415 1921 quicquid

286 1957 348 2009 non
362 1940 475 2006 uirtuti
493 1938 630 2005 hominis
644 1938 853 2027 adscribitur,
876 1938 930 2004 sed
944 1939 982 2004 de
996 1937 1056 2005 Dei
1070 1957 1196 2005 munere
1210 1938 1414 2022 praedicatu,
1423 1964 1444 2004 a

287 2044 325 2109 ut
345 2041 410 2109 iarn
428 2060 490 2109 non
509 2061 635 2127 peccare
649 2043 871 2127 essecoeperit
885 2042 972 2123 fidei,
995 2042 1076 2129 quod
1096 2044 1168 2109 ante
1182 2042 1344 2125 peccatum
1358 2043 1413 2121 est,

287 2145 383 2213 fuerit
397 2146 508 2213 erroris
520 2146 659 2213 humani.
681 2147 741 2213 Dei
755 2148 820 2226 est,
841 2146 980 2230 inquere,
1002 2143 1061 2211 Dei
1076 2164 1183 2227 omne,
1211 2145 1293 2229 quod
1306 2162 1414 2229 possa·

287 2268 369 2315 mus.
391 2249 464 2316 inde
478 2249 631 2329 uiuimus,
653 2248 726 2316 inde
740 2248 910 2334 pollemus,
932 2248 1005 2315 indo
1019 2249 1146 2335 sumpto
1161 2250 1192 2314 ot
1207 2247 1354 2331 concepto
1368 2248 1416 2312 ui-

286 2370 362 2437 gore
375 2352 427 2417 bic
443 2351 544 2418 adhuc
559 2352 654 2439 positi
662 2351 841 2418 futurorum
851 2352 966 2419 indicia
981 2351 1224 2436 praenoscimus:
1241 2350 1416 2417 sittantum

286 2456 381 2541 timor
394 2454 585 2521 innocentiae
604 2454 722 2534 custos,
744 2458 782 2522 nt
801 2454 856 2538 qui
875 2455 909 2520 in
923 2456 1042 2521 mentes
1062 2456 1183 2521 nostras
1206 2453 1446 2539 indulgentiaoa

287 2557 430 2625 caelestis
443 2556 574 2642 adlapsa
585 2557 752 2623 clementer
767 2558 919 2624 Dominus
933 2557 1066 2640 influxit,
1081 2556 1115 2623 in
1126 2555 1223 2623 animi
1233 2555 1414 2623 oblectantis

339 2752 561 2824 lsic]aignisP
622 2754 871 2825 etdesperaticnec
941 2754 1093 2813 duelntic
1172 2752 1322 2813 concedis
1339 2754 1366 2809 P

287 2839 446 2895 etsauebam
456 2839 500 2905 W,
518 2838 1236 2906 emuebmna,raueoamPr,offauebamBalaeioe‚
1256 2838 1413 2894 adferebam

285 2926 468 2995 addeceat.
482 2924 532 2980 ic.
585 2924 873 2996 emceeJmunoiM
921 2925 1050 2997 genitalis
1067 2925 1131 2981 WP
1176 2924 1336 2983 4serenum
1347 2923 1409 2979 cdd.

281 3017 346 3082 post
356 3011 590 3082 pectnsBodresr'es
642 3011 660 3068 6
668 3018 733 3082 post
743 3012 881 3082 repararit
893 3012 995 3068 desinit
1006 3013 1039 3069 c'a
1050 3012 1088 3068 M
1094 3014 1284 3083 apopropbraa
1294 3012 1412 3081 primam

281 3098 368 3177 (Mc),
385 3100 510 3169 reputor
526 3098 610 3153 elteri
626 3098 787 3169 apoprapbo
800 3100 984 3169 praemiacum
1006 3098 1162 3168 epistolium
1178 3096 1250 3153 clad
1272 3098 1411 3165 maciem,

284 3183 357 3255 pacd
374 3199 389 3238 e
405 3182 497 3240 codiee
517 3183 713 3241 Gambrmaeaai
727 3184 835 3253 primus
846 3184 935 3240 edidit
947 3184 1104 3241 Pometiae:
1123 3182 1250 3239 nonanus
1271 3196 1411 3239 emmeno

284 3284 375 3325 canno
392 3284 428 3325 rs
445 3269 560 3326 retinere
572 3271 741 3325 sanctissime
752 3268 897 3341 Cypriane,
916 3286 984 3343 qnae
1001 3270 1078 3327 nobis
1095 3270 1180 3325 inerit
1199 3270 1269 3341 apud
1281 3272 1410 3326 oratorem

285 3355 415 3426 (oratores
435 3357 461 3426 c)
482 3356 643 3443 gamaliten,
660 3373 729 3411 nnus
748 3372 854 3424 sensns,
874 3374 927 3412 una
938 3357 1080 3428 cogitatio,
1099 3356 1240 3412 indiuidua
1261 3356 1341 3412 lectio
1361 3356 1410 3427 (di-

284 3440 366 3498 lectio
378 3442 533 3514 Betucius).
551 3442 638 3510 Quare
649 3458 702 3497 non
719 3444 747 3497 et
763 3442 793 3497 in
809 3442 902 3497 diuina
922 3442 1036 3498 lectione
1057 3443 1098 3497 ita
1120 3442 1219 3497 animis
1238 3438 1409 3498 roboramur?

285 3530 335 3585 aut
343 3544 396 3583 non
408 3543 440 3582 ea
452 3544 556 3598 semper
564 3527 641 3582 nobis
654 3528 708 3582 ruit
717 3527 857 3598 cogitatio,
870 3528 941 3583 sicut
949 3528 1125 3599 promittebas
1134 3528 1367 3599 (promittebamus
1376 3528 1408 3595 c).

285 3612 409 3668 utrimnl
420 3613 585 3668 crederemus
645 3617 788 3684 caeperunt
800 3612 953 3669 confirmare
964 3614 1028 3669 ΜΒ
1090 3616 1217 3673 dacem.
1230 3614 1267 3669 M
1327 3614 1408 3683 9ag·

284 3699 406 3754 nescim
461 3698 880 3764 1ooeactar1¹‚n1e0ersr>¹
944 3703 980 3759 11
1000 3684 1062 3758 seis'
1066 3704 1093 3758 P
1155 3703 1208 3757 scis
1227 3702 1286 3772 ipse
1305 3701 1360 3757 ac

284 3785 510 3855 recognoscent!¹
580 3784 617 3842 13
634 3784 1022 3857 predicoinpropriaslaudcs
1042 3790 1164 3847 Ociosar
1225 3785 1408 3858 requieque

285 3870 329 3926 Pe
381 3869 696 3940 lbnirtuti1niriumB
757 3870 902 3927 deoraM
961 3871 1043 3929 (ΜΡ
1106 3874 1407 3945 recuperarat:

285 3953 355 4027 qnod
405 3971 519 4011 nonore.
534 3956 574 4011 W
621 3972 739 4012 esseoca
753 3956 782 4012 P
832 3958 934 4027 ceperit
948 3959 988 4017 W
1032 3959 1069 4017 17
1088 3962 1245 4015 estcmneo
1292 3959 1329 4019 18
1348 3956 1406 4013 inde

282 4040 414 4112 pollemus
434 4058 483 4098 om.
507 4042 546 4096 Μ
604 4042 716 4113 nigrore
731 4042 759 4097 B
823 4042 1124 4115 20quiWVPBM1,
1143 4045 1283 4115 quiaM¹‚
1302 4044 1405 4115 quode,

284 4126 406 4182 commus
426 4128 473 4197 qur
494 4128 636 4184 remores
660 4114 668 4128 ‘
696 4130 734 4186 21
753 4129 861 4184 influxit
877 4130 986 4196 una,
1014 4130 1202 4197 innarenn,
1227 4132 1326 4187 muza
1346 4128 1405 4183 no-

284 4213 380 4269 redico
431 4214 519 4269 animo
535 4214 583 4280 W,
602 4213 700 4269 animis
711 4214 749 4269 M
751 4220 759 4251 ¹
815 4212 979 4270 oblectantes
992 4216 1030 4271 ΡΙ
