<?xml version="1.0" encoding="UTF-8"?>
<!DOCTYPE html PUBLIC "-//W3C//DTD XHTML 1.0 Transitional//EN"
    "http://www.w3.org/TR/xhtml1/DTD/xhtml1-transitional.dtd">
<html xmlns="http://www.w3.org/1999/xhtml" xml:lang="en" lang="en">
 <head>
  <title>
</title>
<meta http-equiv="Content-Type" content="text/html;charset=utf-8" />
  <meta name='ocr-system' content='tesseract 3.04.00' />
  <meta name='ocr-capabilities' content='ocr_page ocr_carea ocr_par ocr_line ocrx_word'/>
</head>
<body>
  <div class='ocr_page' id='page_1' title='image "./corpusscriptoru16wissgoog_0129.png"; bbox 0 0 3025 4967; ppageno 0'>
   <div class='ocr_carea' id='block_1_1' title="bbox 433 421 1180 489">
    <p class='ocr_par' dir='ltr' id='par_1_1' title="bbox 433 421 1180 489">
     <span class='ocr_line' id='line_1_1' title="bbox 433 421 1180 489; baseline -0.004 -14"><span class='ocrx_word' id='word_1_1' title='bbox 433 422 517 475; x_wconf 77' lang='lat' dir='ltr'><strong>Acta</strong></span> <span class='ocrx_word' id='word_1_2' title='bbox 534 421 799 489; x_wconf 77' lang='lat' dir='ltr'><strong>proconsularia.</strong></span> <span class='ocrx_word' id='word_1_3' title='bbox 1093 438 1180 488; x_wconf 73' lang='lat' dir='ltr'><strong>cxm</strong></span> 
     </span>
    </p>
   </div>
   <div class='ocr_carea' id='block_1_2' title="bbox 5 574 1210 3429">
    <p class='ocr_par' dir='ltr' id='par_1_2' title="bbox 54 574 1181 661">
     <span class='ocr_line' id='line_1_2' title="bbox 54 574 1181 661; baseline 0 -22"><span class='ocrx_word' id='word_1_4' title='bbox 54 576 204 659; x_wconf 89' lang='lat' dir='ltr'><strong>plurimos</strong></span> <span class='ocrx_word' id='word_1_5' title='bbox 219 576 357 643; x_wconf 82' lang='lat' dir='ltr'><strong>nefariae</strong></span> <span class='ocrx_word' id='word_1_6' title='bbox 368 576 429 642; x_wconf 91' lang='lat' dir='ltr'><strong>tibi</strong></span> <span class='ocrx_word' id='word_1_7' title='bbox 439 577 674 660; x_wconf 75' lang='lat' dir='ltr'><strong>conspirationis</strong></span> <span class='ocrx_word' id='word_1_8' title='bbox 688 576 828 641; x_wconf 87' lang='lat' dir='ltr'><strong>homines</strong></span> <span class='ocrx_word' id='word_1_9' title='bbox 841 576 1019 661; x_wconf 77' lang='lat' dir='ltr'><strong>adgregasti</strong></span> <span class='ocrx_word' id='word_1_10' title='bbox 1032 577 1063 641; x_wconf 90' lang='lat' dir='ltr'><strong>ct</strong></span> <span class='ocrx_word' id='word_1_11' title='bbox 1074 574 1181 641; x_wconf 90' lang='lat' dir='ltr'><strong>inimi-</strong></span> 
     </span>
    </p>

    <p class='ocr_par' dir='ltr' id='par_1_3' title="bbox 53 680 1182 765">
     <span class='ocr_line' id='line_1_3' title="bbox 53 680 1182 765; baseline 0 -20"><span class='ocrx_word' id='word_1_12' title='bbox 53 700 117 745; x_wconf 81' lang='lat' dir='ltr'><strong>cum</strong></span> <span class='ocrx_word' id='word_1_13' title='bbox 139 682 175 746; x_wconf 82' lang='lat' dir='ltr'><strong>te</strong></span> <span class='ocrx_word' id='word_1_14' title='bbox 200 680 265 745; x_wconf 88' lang='lat' dir='ltr'><strong>diis</strong></span> <span class='ocrx_word' id='word_1_15' title='bbox 280 680 428 747; x_wconf 87' lang='lat' dir='ltr'><strong>Romanis</strong></span> <span class='ocrx_word' id='word_1_16' title='bbox 449 682 481 747; x_wconf 91' lang='lat' dir='ltr'><strong>ct</strong></span> <span class='ocrx_word' id='word_1_17' title='bbox 502 680 704 765; x_wconf 75' lang='lat' dir='ltr'><strong>religionibus</strong></span> <span class='ocrx_word' id='word_1_18' title='bbox 727 681 822 747; x_wconf 88' lang='lat' dir='ltr'><strong>sacris</strong></span> <span class='ocrx_word' id='word_1_19' title='bbox 844 680 1044 758; x_wconf 87' lang='lat' dir='ltr'><strong>constituisti,</strong></span> <span class='ocrx_word' id='word_1_20' title='bbox 1072 698 1127 747; x_wconf 88' lang='lat' dir='ltr'><strong>nec</strong></span> <span class='ocrx_word' id='word_1_21' title='bbox 1149 680 1182 745; x_wconf 88' lang='lat' dir='ltr'><strong>tc</strong></span> 
     </span>
    </p>

    <p class='ocr_par' dir='ltr' id='par_1_4' title="bbox 51 782 1182 868">
     <span class='ocr_line' id='line_1_4' title="bbox 51 782 1182 868; baseline -0.002 -19"><span class='ocrx_word' id='word_1_22' title='bbox 51 785 90 867; x_wconf 89' lang='lat' dir='ltr'><strong>pii</strong></span> <span class='ocrx_word' id='word_1_23' title='bbox 109 785 144 848; x_wconf 89' lang='lat' dir='ltr'><strong>at</strong></span> <span class='ocrx_word' id='word_1_24' title='bbox 164 784 375 849; x_wconf 87' lang='lat' dir='ltr'><strong>sacratissimi</strong></span> <span class='ocrx_word' id='word_1_25' title='bbox 394 783 546 868; x_wconf 90' lang='lat' dir='ltr'><strong>principes</strong></span> <span class='ocrx_word' id='word_1_26' title='bbox 561 784 746 849; x_wconf 86' lang='lat' dir='ltr'><strong>Valerianus</strong></span> <span class='ocrx_word' id='word_1_27' title='bbox 767 786 799 849; x_wconf 93' lang='lat' dir='ltr'><strong>et</strong></span> <span class='ocrx_word' id='word_1_28' title='bbox 814 783 975 850; x_wconf 73' lang='lat' dir='ltr'><strong>Gallienus</strong></span> <span class='ocrx_word' id='word_1_29' title='bbox 991 782 1129 867; x_wconf 77' lang='lat' dir='ltr'><strong>Augusti</strong></span> <span class='ocrx_word' id='word_1_30' title='bbox 1149 783 1182 847; x_wconf 91' lang='lat' dir='ltr'><strong>et</strong></span> 
     </span>
    </p>

    <p class='ocr_par' dir='ltr' id='par_1_5' title="bbox 10 885 1181 1073">
     <span class='ocr_line' id='line_1_5' title="bbox 52 885 1180 953; baseline 0.002 -4"><span class='ocrx_word' id='word_1_31' title='bbox 52 886 237 951; x_wconf 68' lang='lat' dir='ltr'><strong>Valerianus</strong></span> <span class='ocrx_word' id='word_1_32' title='bbox 250 886 463 951; x_wconf 89' lang='lat' dir='ltr'><strong>nobilissimus</strong></span> <span class='ocrx_word' id='word_1_33' title='bbox 473 885 582 953; x_wconf 84' lang='lat' dir='ltr'><strong>Caesar</strong></span> <span class='ocrx_word' id='word_1_34' title='bbox 592 886 632 951; x_wconf 90' lang='lat' dir='ltr'><strong>ad</strong></span> <span class='ocrx_word' id='word_1_35' title='bbox 643 888 761 953; x_wconf 87' lang='lat' dir='ltr'><strong>sectam</strong></span> <span class='ocrx_word' id='word_1_36' title='bbox 776 886 1037 952; x_wconf 84' lang='lat' dir='ltr'><strong>caeremoniarum</strong></span> <span class='ocrx_word' id='word_1_37' title='bbox 1053 904 1180 951; x_wconf 87' lang='lat' dir='ltr'><strong>suarum</strong></span> 
     </span>
     <span class='ocr_line' id='line_1_6' title="bbox 10 988 1181 1073; baseline 0 -20"><span class='ocrx_word' id='word_1_38' title='bbox 10 1033 11 1068; x_wconf 52' lang='lat' dir='ltr'><strong>y</strong></span> <span class='ocrx_word' id='word_1_39' title='bbox 37 1007 193 1055; x_wconf 83' lang='lat' dir='ltr'><strong>=rsnocare</strong></span> <span class='ocrx_word' id='word_1_40' title='bbox 221 990 398 1073; x_wconf 86' lang='lat' dir='ltr'><strong>potuerunt.</strong></span> <span class='ocrx_word' id='word_1_41' title='bbox 425 991 455 1054; x_wconf 90' lang='grc'><strong>11</strong></span> <span class='ocrx_word' id='word_1_42' title='bbox 475 989 544 1054; x_wconf 91' lang='lat' dir='ltr'><strong>ideo</strong></span> <span class='ocrx_word' id='word_1_43' title='bbox 568 1009 640 1055; x_wconf 90' lang='lat' dir='ltr'><strong>cum</strong></span> <span class='ocrx_word' id='word_1_44' title='bbox 664 992 708 1055; x_wconf 89' lang='grc'><strong>111</strong></span> <span class='ocrx_word' id='word_1_45' title='bbox 731 989 990 1071; x_wconf 86' lang='lat' dir='ltr'><strong>nequissimorum</strong></span> <span class='ocrx_word' id='word_1_46' title='bbox 1016 988 1181 1054; x_wconf 89' lang='lat' dir='ltr'><strong>criminum</strong></span> 
     </span>
    </p>

    <p class='ocr_par' dir='ltr' id='par_1_6' title="bbox 9 1091 1182 1382">
     <span class='ocr_line' id='line_1_7' title="bbox 52 1091 1181 1177; baseline -0.001 -20"><span class='ocrx_word' id='word_1_47' title='bbox 52 1095 155 1158; x_wconf 81' lang='grc'><strong>111111</strong></span> <span class='ocrx_word' id='word_1_48' title='bbox 181 1094 219 1158; x_wconf 88' lang='grc'><strong>11</strong></span> <span class='ocrx_word' id='word_1_49' title='bbox 241 1091 373 1177; x_wconf 76' lang='lat' dir='ltr'><strong>signiter</strong></span> <span class='ocrx_word' id='word_1_50' title='bbox 400 1092 613 1175; x_wconf 83' lang='lat' dir='ltr'><strong>deprehensus,</strong></span> <span class='ocrx_word' id='word_1_51' title='bbox 642 1094 703 1159; x_wconf 89' lang='lat' dir='ltr'><strong>eris</strong></span> <span class='ocrx_word' id='word_1_52' title='bbox 730 1093 797 1175; x_wconf 91' lang='lat' dir='ltr'><strong>ipse</strong></span> <span class='ocrx_word' id='word_1_53' title='bbox 822 1092 1003 1159; x_wconf 90' lang='lat' dir='ltr'><strong>documento</strong></span> <span class='ocrx_word' id='word_1_54' title='bbox 1031 1092 1080 1156; x_wconf 89' lang='lat' dir='ltr'><strong>his</strong></span> <span class='ocrx_word' id='word_1_55' title='bbox 1106 1110 1181 1174; x_wconf 89' lang='lat' dir='ltr'><strong>quos</strong></span> 
     </span>
     <span class='ocr_line' id='line_1_8' title="bbox 9 1184 1180 1281; baseline 0 -21"><span class='ocrx_word' id='word_1_56' title='bbox 9 1265 10 1280; x_wconf 12' lang='grc' dir='ltr'>χ</span> <span class='ocrx_word' id='word_1_57' title='bbox 51 1196 161 1260; x_wconf 81' lang='lat' dir='ltr'><strong>scelere</strong></span> <span class='ocrx_word' id='word_1_58' title='bbox 180 1198 243 1260; x_wconf 91' lang='lat' dir='ltr'><strong>tuo</strong></span> <span class='ocrx_word' id='word_1_59' title='bbox 264 1196 367 1260; x_wconf 84' lang='lat' dir='ltr'><strong>tecum</strong></span> <span class='ocrx_word' id='word_1_60' title='bbox 388 1196 579 1281; x_wconf 85' lang='lat' dir='ltr'><strong>adgregasti:</strong></span> <span class='ocrx_word' id='word_1_61' title='bbox 600 1197 750 1280; x_wconf 88' lang='lat' dir='ltr'><strong>sanguine</strong></span> <span class='ocrx_word' id='word_1_62' title='bbox 771 1198 825 1261; x_wconf 91' lang='lat' dir='ltr'><strong>tuo</strong></span> <span class='ocrx_word' id='word_1_63' title='bbox 839 1184 993 1261; x_wconf 89' lang='lat' dir='ltr'><strong>sancietur</strong></span> <span class='ocrx_word' id='word_1_64' title='bbox 1007 1196 1180 1277; x_wconf 90' lang='lat' dir='ltr'><strong>disciplina.</strong></span> 
     </span>
     <span class='ocr_line' id='line_1_9' title="bbox 9 1283 1182 1382; baseline 0 -19"><span class='ocrx_word' id='word_1_65' title='bbox 9 1283 10 1308; x_wconf 57' lang='lat'>¹</span> <span class='ocrx_word' id='word_1_66' title='bbox 52 1299 151 1363; x_wconf 85' lang='lat' dir='ltr'><strong>ethis</strong></span> <span class='ocrx_word' id='word_1_67' title='bbox 173 1298 274 1364; x_wconf 90' lang='lat' dir='ltr'><strong>dictis</strong></span> <span class='ocrx_word' id='word_1_68' title='bbox 296 1298 454 1365; x_wconf 90' lang='lat' dir='ltr'><strong>decretum</strong></span> <span class='ocrx_word' id='word_1_69' title='bbox 475 1318 511 1364; x_wconf 91' lang='lat' dir='ltr'><strong>ex</strong></span> <span class='ocrx_word' id='word_1_70' title='bbox 532 1300 650 1365; x_wconf 89' lang='lat' dir='ltr'><strong>tabella</strong></span> <span class='ocrx_word' id='word_1_71' title='bbox 672 1299 833 1365; x_wconf 88' lang='lat' dir='ltr'><strong>recitauit:</strong></span> <span class='ocrx_word' id='word_1_72' title='bbox 861 1300 1028 1366; x_wconf 83' lang='lat' dir='ltr'><strong>Thascium</strong></span> <span class='ocrx_word' id='word_1_73' title='bbox 1053 1298 1182 1382; x_wconf 91' lang='lat' dir='ltr'><strong>Cypria·</strong></span> 
     </span>
    </p>

    <p class='ocr_par' dir='ltr' id='par_1_7' title="bbox 32 1400 1182 1590">
     <span class='ocr_line' id='line_1_10' title="bbox 53 1400 1182 1487; baseline 0.002 -21"><span class='ocrx_word' id='word_1_74' title='bbox 53 1422 121 1466; x_wconf 89' lang='lat' dir='ltr'><strong>num</strong></span> <span class='ocrx_word' id='word_1_75' title='bbox 143 1400 258 1487; x_wconf 86' lang='lat' dir='ltr'><strong>gladio</strong></span> <span class='ocrx_word' id='word_1_76' title='bbox 276 1402 484 1467; x_wconf 86' lang='lat' dir='ltr'><strong>animaduerti</strong></span> <span class='ocrx_word' id='word_1_77' title='bbox 497 1403 608 1484; x_wconf 90' lang='lat' dir='ltr'><strong>placet.</strong></span> <span class='ocrx_word' id='word_1_78' title='bbox 630 1400 802 1486; x_wconf 79' lang='lat' dir='ltr'><strong>Cyprianus</strong></span> <span class='ocrx_word' id='word_1_79' title='bbox 817 1403 976 1487; x_wconf 90' lang='lat' dir='ltr'><strong>episcopus</strong></span> <span class='ocrx_word' id='word_1_80' title='bbox 991 1402 1086 1467; x_wconf 85' lang='lat' dir='ltr'><strong>dixit:</strong></span> <span class='ocrx_word' id='word_1_81' title='bbox 1106 1402 1182 1468; x_wconf 90' lang='lat' dir='ltr'><strong>Deo</strong></span> 
     </span>
     <span class='ocr_line' id='line_1_11' title="bbox 32 1506 400 1590; baseline -0.003 -21"><span class='ocrx_word' id='word_1_82' title='bbox 32 1506 219 1590; x_wconf 70' lang='lat' dir='ltr'><strong>ingratius.</strong></span> <span class='ocrx_word' id='word_1_83' title='bbox 395 1530 400 1537; x_wconf 92' lang='lat'>·</span> 
     </span>
    </p>

    <p class='ocr_par' dir='ltr' id='par_1_8' title="bbox 54 1608 1210 2003">
     <span class='ocr_line' id='line_1_12' title="bbox 89 1608 1210 1675; baseline 0.003 -3"><span class='ocrx_word' id='word_1_84' title='bbox 89 1608 168 1673; x_wconf 84' lang='lat' dir='ltr'><strong>Post</strong></span> <span class='ocrx_word' id='word_1_85' title='bbox 189 1608 275 1673; x_wconf 88' lang='lat' dir='ltr'><strong>banc</strong></span> <span class='ocrx_word' id='word_1_86' title='bbox 293 1626 366 1674; x_wconf 89' lang='lat' dir='ltr'><strong>uero</strong></span> <span class='ocrx_word' id='word_1_87' title='bbox 381 1609 511 1673; x_wconf 88' lang='lat' dir='ltr'><strong>sentent&#39;</strong></span> <span class='ocrx_word' id='word_1_88' title='bbox 580 1608 672 1675; x_wconf 89' lang='lat' dir='ltr'><strong>turba</strong></span> <span class='ocrx_word' id='word_1_89' title='bbox 687 1608 820 1675; x_wconf 81' lang='lat' dir='ltr'><strong>fratrum</strong></span> <span class='ocrx_word' id='word_1_90' title='bbox 836 1608 973 1675; x_wconf 85' lang='lat' dir='ltr'><strong>dicebat:</strong></span> <span class='ocrx_word' id='word_1_91' title='bbox 996 1610 1027 1674; x_wconf 90' lang='grc'><strong>11</strong></span> <span class='ocrx_word' id='word_1_92' title='bbox 1042 1627 1095 1673; x_wconf 91' lang='lat' dir='ltr'><strong>nos</strong></span> <span class='ocrx_word' id='word_1_93' title='bbox 1110 1614 1210 1675; x_wconf 69' lang='lat' dir='ltr'><strong>cumb</strong></span> 
     </span>
     <span class='ocr_line' id='line_1_13' title="bbox 54 1710 1183 1793; baseline 0.002 -18"><span class='ocrx_word' id='word_1_94' title='bbox 54 1713 112 1793; x_wconf 85' lang='lat' dir='ltr'><strong>ipso</strong></span> <span class='ocrx_word' id='word_1_95' title='bbox 139 1710 344 1775; x_wconf 88' lang='lat' dir='ltr'><strong>decollemur.</strong></span> <span class='ocrx_word' id='word_1_96' title='bbox 372 1712 495 1793; x_wconf 90' lang='lat' dir='ltr'><strong>propter</strong></span> <span class='ocrx_word' id='word_1_97' title='bbox 516 1712 574 1777; x_wconf 93' lang='lat' dir='ltr'><strong>boc</strong></span> <span class='ocrx_word' id='word_1_98' title='bbox 596 1712 752 1777; x_wconf 88' lang='lat' dir='ltr'><strong>tumultus</strong></span> <span class='ocrx_word' id='word_1_99' title='bbox 778 1711 910 1779; x_wconf 88' lang='lat' dir='ltr'><strong>fratrum</strong></span> <span class='ocrx_word' id='word_1_100' title='bbox 936 1713 1057 1777; x_wconf 89' lang='lat' dir='ltr'><strong>exortus</strong></span> <span class='ocrx_word' id='word_1_101' title='bbox 1082 1714 1183 1777; x_wconf 88' lang='lat' dir='ltr'><strong>estet</strong></span> 
     </span>
     <span class='ocr_line' id='line_1_14' title="bbox 55 1813 1181 1899; baseline 0 -20"><span class='ocrx_word' id='word_1_102' title='bbox 55 1816 151 1879; x_wconf 86' lang='lat' dir='ltr'><strong>multa</strong></span> <span class='ocrx_word' id='word_1_103' title='bbox 170 1814 272 1879; x_wconf 83' lang='lat' dir='ltr'><strong>turba</strong></span> <span class='ocrx_word' id='word_1_104' title='bbox 291 1832 365 1878; x_wconf 90' lang='lat' dir='ltr'><strong>eum</strong></span> <span class='ocrx_word' id='word_1_105' title='bbox 383 1816 544 1895; x_wconf 85' lang='lat' dir='ltr'><strong>prosecuta</strong></span> <span class='ocrx_word' id='word_1_106' title='bbox 558 1816 614 1880; x_wconf 88' lang='grc'><strong>111.</strong></span> <span class='ocrx_word' id='word_1_107' title='bbox 635 1816 667 1879; x_wconf 88' lang='grc'><strong>11</strong></span> <span class='ocrx_word' id='word_1_108' title='bbox 680 1816 727 1880; x_wconf 90' lang='lat' dir='ltr'><strong>ita</strong></span> <span class='ocrx_word' id='word_1_109' title='bbox 740 1815 824 1881; x_wconf 90' lang='lat' dir='ltr'><strong>idem</strong></span> <span class='ocrx_word' id='word_1_110' title='bbox 840 1813 1010 1899; x_wconf 79' lang='lat' dir='ltr'><strong>Cyprianus</strong></span> <span class='ocrx_word' id='word_1_111' title='bbox 1025 1816 1057 1880; x_wconf 93' lang='lat' dir='ltr'><strong>in</strong></span> <span class='ocrx_word' id='word_1_112' title='bbox 1072 1834 1181 1899; x_wconf 87' lang='lat' dir='ltr'><strong>agrum</strong></span> 
     </span>
     <span class='ocr_line' id='line_1_15' title="bbox 55 1916 1182 2003; baseline -0.003 -20"><span class='ocrx_word' id='word_1_113' title='bbox 55 1917 132 1983; x_wconf 82' lang='lat' dir='ltr'><strong>Sexti</strong></span> <span class='ocrx_word' id='word_1_114' title='bbox 154 1918 330 2001; x_wconf 89' lang='lat' dir='ltr'><strong>productus</strong></span> <span class='ocrx_word' id='word_1_115' title='bbox 352 1919 399 1981; x_wconf 90' lang='lat' dir='ltr'><strong>cst</strong></span> <span class='ocrx_word' id='word_1_116' title='bbox 413 1919 445 1982; x_wconf 90' lang='lat' dir='ltr'><strong>et</strong></span> <span class='ocrx_word' id='word_1_117' title='bbox 460 1917 505 1982; x_wconf 88' lang='lat' dir='ltr'><strong>ibi</strong></span> <span class='ocrx_word' id='word_1_118' title='bbox 519 1936 552 1982; x_wconf 90' lang='lat' dir='ltr'><strong>se</strong></span> <span class='ocrx_word' id='word_1_119' title='bbox 566 1918 688 1984; x_wconf 85' lang='lat' dir='ltr'><strong>lacerna</strong></span> <span class='ocrx_word' id='word_1_120' title='bbox 708 1919 801 2001; x_wconf 84' lang='lat' dir='ltr'><strong>byrro</strong></span> <span class='ocrx_word' id='word_1_121' title='bbox 821 1919 990 2002; x_wconf 88' lang='lat' dir='ltr'><strong>expoliauit</strong></span> <span class='ocrx_word' id='word_1_122' title='bbox 1007 1918 1134 2003; x_wconf 87' lang='lat' dir='ltr'><strong>etgeuu</strong></span> <span class='ocrx_word' id='word_1_123' title='bbox 1149 1916 1182 1980; x_wconf 94' lang='lat' dir='ltr'><strong>in</strong></span> 
     </span>
    </p>

    <p class='ocr_par' dir='ltr' id='par_1_9' title="bbox 5 2020 1184 3429">
     <span class='ocr_line' id='line_1_16' title="bbox 31 2020 1182 2104; baseline -0.001 -19"><span class='ocrx_word' id='word_1_124' title='bbox 31 2031 131 2085; x_wconf 73' lang='lat' dir='ltr'><strong>eterra</strong></span> <span class='ocrx_word' id='word_1_125' title='bbox 151 2020 245 2085; x_wconf 90' lang='lat' dir='ltr'><strong>flexit</strong></span> <span class='ocrx_word' id='word_1_126' title='bbox 260 2026 293 2086; x_wconf 89' lang='grc'><strong>11</strong></span> <span class='ocrx_word' id='word_1_127' title='bbox 306 2021 340 2084; x_wconf 94' lang='lat' dir='ltr'><strong>in</strong></span> <span class='ocrx_word' id='word_1_128' title='bbox 354 2022 523 2087; x_wconf 88' lang='lat' dir='ltr'><strong>orationem</strong></span> <span class='ocrx_word' id='word_1_129' title='bbox 538 2038 570 2085; x_wconf 91' lang='grc'><strong>11</strong></span> <span class='ocrx_word' id='word_1_130' title='bbox 584 2022 717 2088; x_wconf 88' lang='lat' dir='ltr'><strong>Domino</strong></span> <span class='ocrx_word' id='word_1_131' title='bbox 731 2022 909 2104; x_wconf 87' lang='lat' dir='ltr'><strong>prostrauit.</strong></span> <span class='ocrx_word' id='word_1_132' title='bbox 933 2022 964 2087; x_wconf 91' lang='lat' dir='ltr'><strong>et</strong></span> <span class='ocrx_word' id='word_1_133' title='bbox 980 2040 1051 2085; x_wconf 91' lang='lat' dir='ltr'><strong>cum</strong></span> <span class='ocrx_word' id='word_1_134' title='bbox 1066 2038 1098 2085; x_wconf 89' lang='grc'><strong>11</strong></span> <span class='ocrx_word' id='word_1_135' title='bbox 1112 2021 1182 2085; x_wconf 91' lang='lat' dir='ltr'><strong>dal·</strong></span> 
     </span>
     <span class='ocr_line' id='line_1_17' title="bbox 54 2123 1182 2206; baseline 0.001 -18"><span class='ocrx_word' id='word_1_136' title='bbox 54 2125 166 2189; x_wconf 86' lang='lat' dir='ltr'><strong>natica</strong></span> <span class='ocrx_word' id='word_1_137' title='bbox 194 2123 399 2206; x_wconf 85' lang='lat' dir='ltr'><strong>exspoliasset</strong></span> <span class='ocrx_word' id='word_1_138' title='bbox 420 2126 452 2188; x_wconf 89' lang='lat' dir='ltr'><strong>et</strong></span> <span class='ocrx_word' id='word_1_139' title='bbox 472 2125 651 2190; x_wconf 87' lang='lat' dir='ltr'><strong>diaconibus</strong></span> <span class='ocrx_word' id='word_1_140' title='bbox 674 2125 863 2205; x_wconf 83' lang='lat' dir='ltr'><strong>tradidisset,</strong></span> <span class='ocrx_word' id='word_1_141' title='bbox 890 2125 923 2189; x_wconf 93' lang='lat' dir='ltr'><strong>in</strong></span> <span class='ocrx_word' id='word_1_142' title='bbox 944 2124 1026 2189; x_wconf 90' lang='lat' dir='ltr'><strong>linea</strong></span> <span class='ocrx_word' id='word_1_143' title='bbox 1047 2124 1136 2188; x_wconf 90' lang='lat' dir='ltr'><strong>stetit</strong></span> <span class='ocrx_word' id='word_1_144' title='bbox 1150 2125 1182 2189; x_wconf 91' lang='grc'><strong>11</strong></span> 
     </span>
     <span class='ocr_line' id='line_1_18' title="bbox 55 2226 1181 2311; baseline 0 -20"><span class='ocrx_word' id='word_1_145' title='bbox 55 2227 153 2310; x_wconf 88' lang='lat' dir='ltr'><strong>coepit</strong></span> <span class='ocrx_word' id='word_1_146' title='bbox 181 2226 404 2309; x_wconf 87' lang='lat' dir='ltr'><strong>spiculatorem</strong></span> <span class='ocrx_word' id='word_1_147' title='bbox 430 2227 589 2297; x_wconf 87' lang='lat' dir='ltr'><strong>sustinere.</strong></span> <span class='ocrx_word' id='word_1_148' title='bbox 619 2246 690 2292; x_wconf 91' lang='lat' dir='ltr'><strong>cum</strong></span> <span class='ocrx_word' id='word_1_149' title='bbox 714 2228 852 2294; x_wconf 89' lang='lat' dir='ltr'><strong>uenisset</strong></span> <span class='ocrx_word' id='word_1_150' title='bbox 876 2230 982 2293; x_wconf 86' lang='lat' dir='ltr'><strong>autem</strong></span> <span class='ocrx_word' id='word_1_151' title='bbox 1003 2228 1181 2311; x_wconf 84' lang='lat' dir='ltr'><strong>spiculator,</strong></span> 
     </span>
     <span class='ocr_line' id='line_1_19' title="bbox 55 2329 1180 2415; baseline 0 -22"><span class='ocrx_word' id='word_1_152' title='bbox 55 2332 144 2395; x_wconf 83' lang='lat' dir='ltr'><strong>iussit</strong></span> <span class='ocrx_word' id='word_1_153' title='bbox 164 2330 235 2395; x_wconf 90' lang='lat' dir='ltr'><strong>suis</strong></span> <span class='ocrx_word' id='word_1_154' title='bbox 255 2330 293 2393; x_wconf 90' lang='lat' dir='ltr'><strong>ut</strong></span> <span class='ocrx_word' id='word_1_155' title='bbox 307 2329 408 2394; x_wconf 91' lang='lat' dir='ltr'><strong>eidem</strong></span> <span class='ocrx_word' id='word_1_156' title='bbox 430 2330 610 2413; x_wconf 75' lang='lat' dir='ltr'><strong>spiculatori</strong></span> <span class='ocrx_word' id='word_1_157' title='bbox 632 2331 747 2415; x_wconf 89' lang='lat' dir='ltr'><strong>uiginti</strong></span> <span class='ocrx_word' id='word_1_158' title='bbox 774 2332 906 2414; x_wconf 90' lang='lat' dir='ltr'><strong>quinque</strong></span> <span class='ocrx_word' id='word_1_159' title='bbox 931 2348 1038 2397; x_wconf 89' lang='lat' dir='ltr'><strong>aureos</strong></span> <span class='ocrx_word' id='word_1_160' title='bbox 1063 2330 1180 2395; x_wconf 75' lang='lat' dir='ltr'><strong>darem.</strong></span> 
     </span>
     <span class='ocr_line' id='line_1_20' title="bbox 57 2432 1180 2501; baseline -0.002 -2"><span class='ocrx_word' id='word_1_161' title='bbox 57 2435 246 2501; x_wconf 85' lang='lat' dir='ltr'><strong>linteamina</strong></span> <span class='ocrx_word' id='word_1_162' title='bbox 265 2452 338 2499; x_wconf 88' lang='lat' dir='ltr'><strong>uero</strong></span> <span class='ocrx_word' id='word_1_163' title='bbox 358 2434 390 2497; x_wconf 90' lang='lat' dir='ltr'><strong>et</strong></span> <span class='ocrx_word' id='word_1_164' title='bbox 410 2434 567 2499; x_wconf 89' lang='lat' dir='ltr'><strong>manualia</strong></span> <span class='ocrx_word' id='word_1_165' title='bbox 581 2454 600 2499; x_wconf 88' lang='lat' dir='ltr'><strong>a</strong></span> <span class='ocrx_word' id='word_1_166' title='bbox 614 2434 763 2500; x_wconf 80' lang='lat' dir='ltr'><strong>fratribus</strong></span> <span class='ocrx_word' id='word_1_167' title='bbox 784 2438 855 2501; x_wconf 87' lang='lat' dir='ltr'><strong>anto</strong></span> <span class='ocrx_word' id='word_1_168' title='bbox 875 2456 946 2500; x_wconf 91' lang='lat' dir='ltr'><strong>cum</strong></span> <span class='ocrx_word' id='word_1_169' title='bbox 965 2432 1180 2499; x_wconf 83' lang='lat' dir='ltr'><strong>mittebantur.</strong></span> 
     </span>
     <span class='ocr_line' id='line_1_21' title="bbox 31 2535 1182 2621; baseline 0.003 -23"><span class='ocrx_word' id='word_1_170' title='bbox 31 2542 160 2621; x_wconf 80' lang='lat' dir='ltr'><strong>apostaa</strong></span> <span class='ocrx_word' id='word_1_171' title='bbox 174 2557 252 2602; x_wconf 90' lang='lat' dir='ltr'><strong>uero</strong></span> <span class='ocrx_word' id='word_1_172' title='bbox 267 2538 376 2603; x_wconf 90' lang='lat' dir='ltr'><strong>beatus</strong></span> <span class='ocrx_word' id='word_1_173' title='bbox 385 2535 555 2621; x_wconf 70' lang='lat' dir='ltr'><strong>Cypriorum</strong></span> <span class='ocrx_word' id='word_1_174' title='bbox 569 2557 664 2603; x_wconf 90' lang='lat' dir='ltr'><strong>manu</strong></span> <span class='ocrx_word' id='word_1_175' title='bbox 679 2556 735 2603; x_wconf 86' lang='lat' dir='ltr'><strong>sua</strong></span> <span class='ocrx_word' id='word_1_176' title='bbox 749 2538 852 2603; x_wconf 90' lang='lat' dir='ltr'><strong>oculos</strong></span> <span class='ocrx_word' id='word_1_177' title='bbox 868 2537 928 2603; x_wconf 92' lang='lat' dir='ltr'><strong>sibi</strong></span> <span class='ocrx_word' id='word_1_178' title='bbox 939 2537 1027 2602; x_wconf 91' lang='lat' dir='ltr'><strong>texit.</strong></span> <span class='ocrx_word' id='word_1_179' title='bbox 1045 2537 1182 2619; x_wconf 88' lang='lat' dir='ltr'><strong>quicum</strong></span> 
     </span>
     <span class='ocr_line' id='line_1_22' title="bbox 57 2640 1183 2725; baseline -0.002 -18"><span class='ocrx_word' id='word_1_180' title='bbox 57 2642 181 2707; x_wconf 77' lang='lat' dir='ltr'><strong>lacinias</strong></span> <span class='ocrx_word' id='word_1_181' title='bbox 201 2640 476 2724; x_wconf 75' lang='lat' dir='ltr'><strong>manuales&#39;ligarc</strong></span> <span class='ocrx_word' id='word_1_182' title='bbox 491 2640 552 2706; x_wconf 87' lang='lat' dir='ltr'><strong>sibi</strong></span> <span class='ocrx_word' id='word_1_183' title='bbox 566 2658 625 2705; x_wconf 89' lang='lat' dir='ltr'><strong>nou</strong></span> <span class='ocrx_word' id='word_1_184' title='bbox 641 2642 801 2723; x_wconf 85' lang='lat' dir='ltr'><strong>potuisset,</strong></span> <span class='ocrx_word' id='word_1_185' title='bbox 824 2641 962 2706; x_wconf 88' lang='lat' dir='ltr'><strong>Iulianus</strong></span> <span class='ocrx_word' id='word_1_186' title='bbox 977 2640 1136 2725; x_wconf 83' lang='lat' dir='ltr'><strong>presbyter</strong></span> <span class='ocrx_word' id='word_1_187' title='bbox 1151 2642 1183 2705; x_wconf 90' lang='lat' dir='ltr'><strong>ct</strong></span> 
     </span>
     <span class='ocr_line' id='line_1_23' title="bbox 58 2741 1181 2828; baseline 0.001 -21"><span class='ocrx_word' id='word_1_188' title='bbox 58 2744 195 2809; x_wconf 86' lang='lat' dir='ltr'><strong>lulianus</strong></span> <span class='ocrx_word' id='word_1_189' title='bbox 219 2743 423 2808; x_wconf 87' lang='lat' dir='ltr'><strong>subdiaconus</strong></span> <span class='ocrx_word' id='word_1_190' title='bbox 438 2743 467 2809; x_wconf 88' lang='lat' dir='ltr'><strong>ai</strong></span> <span class='ocrx_word' id='word_1_191' title='bbox 481 2744 667 2827; x_wconf 87' lang='lat' dir='ltr'><strong>ligauarunt</strong></span> <span class='ocrx_word' id='word_1_192' title='bbox 689 2744 735 2809; x_wconf 90' lang='lat' dir='ltr'><strong>ita</strong></span> <span class='ocrx_word' id='word_1_193' title='bbox 755 2744 863 2813; x_wconf 88' lang='lat' dir='ltr'><strong>beatus</strong></span> <span class='ocrx_word' id='word_1_194' title='bbox 880 2741 1050 2828; x_wconf 84' lang='lat' dir='ltr'><strong>Cyprianus</strong></span> <span class='ocrx_word' id='word_1_195' title='bbox 1071 2762 1181 2827; x_wconf 86' lang='lat' dir='ltr'><strong>passus</strong></span> 
     </span>
     <span class='ocr_line' id='line_1_24' title="bbox 58 2847 1182 2933; baseline 0 -22"><span class='ocrx_word' id='word_1_196' title='bbox 58 2852 108 2923; x_wconf 78' lang='lat' dir='ltr'><strong>et,</strong></span> <span class='ocrx_word' id='word_1_197' title='bbox 135 2848 267 2928; x_wconf 87' lang='lat' dir='ltr'><strong>eiusque</strong></span> <span class='ocrx_word' id='word_1_198' title='bbox 290 2865 398 2929; x_wconf 90' lang='lat' dir='ltr'><strong>corpus</strong></span> <span class='ocrx_word' id='word_1_199' title='bbox 421 2850 545 2931; x_wconf 90' lang='lat' dir='ltr'><strong>propter</strong></span> <span class='ocrx_word' id='word_1_200' title='bbox 566 2848 733 2933; x_wconf 87' lang='lat' dir='ltr'><strong>gentilium</strong></span> <span class='ocrx_word' id='word_1_201' title='bbox 755 2848 967 2913; x_wconf 85' lang='lat' dir='ltr'><strong>curiositatem</strong></span> <span class='ocrx_word' id='word_1_202' title='bbox 989 2847 1021 2912; x_wconf 95' lang='lat' dir='ltr'><strong>in</strong></span> <span class='ocrx_word' id='word_1_203' title='bbox 1044 2847 1182 2929; x_wconf 86' lang='lat' dir='ltr'><strong>proximo</strong></span> 
     </span>
     <span class='ocr_line' id='line_1_25' title="bbox 58 2949 1182 3034; baseline -0.001 -19"><span class='ocrx_word' id='word_1_204' title='bbox 58 2952 193 3031; x_wconf 86' lang='lat' dir='ltr'><strong>positum</strong></span> <span class='ocrx_word' id='word_1_205' title='bbox 216 2954 273 3016; x_wconf 80' lang='lat' dir='ltr'><strong>est.</strong></span> <span class='ocrx_word' id='word_1_206' title='bbox 295 2951 366 3015; x_wconf 88' lang='lat' dir='ltr'><strong>inde</strong></span> <span class='ocrx_word' id='word_1_207' title='bbox 385 2971 441 3034; x_wconf 91' lang='lat' dir='ltr'><strong>per</strong></span> <span class='ocrx_word' id='word_1_208' title='bbox 459 2952 581 3016; x_wconf 89' lang='lat' dir='ltr'><strong>noctem</strong></span> <span class='ocrx_word' id='word_1_209' title='bbox 596 2951 755 3018; x_wconf 89' lang='lat' dir='ltr'><strong>sublatum</strong></span> <span class='ocrx_word' id='word_1_210' title='bbox 771 2970 842 3017; x_wconf 90' lang='lat' dir='ltr'><strong>cum</strong></span> <span class='ocrx_word' id='word_1_211' title='bbox 857 2953 951 3017; x_wconf 87' lang='lat' dir='ltr'><strong>ocreis</strong></span> <span class='ocrx_word' id='word_1_212' title='bbox 966 2951 998 3017; x_wconf 93' lang='grc'><strong>11</strong></span> <span class='ocrx_word' id='word_1_213' title='bbox 1012 2949 1182 3015; x_wconf 89' lang='lat' dir='ltr'><strong>scolacibus</strong></span> 
     </span>
     <span class='ocr_line' id='line_1_26' title="bbox 5 3054 1184 3139; baseline 0.005 -27"><span class='ocrx_word' id='word_1_214' title='bbox 5 3129 6 3134; x_wconf 8' lang='grc' dir='ltr'>ἵ</span> <span class='ocrx_word' id='word_1_215' title='bbox 35 3054 96 3118; x_wconf 78' lang='lat' dir='ltr'><strong>aad</strong></span> <span class='ocrx_word' id='word_1_216' title='bbox 120 3074 210 3119; x_wconf 79' lang='lat' dir='ltr'><strong>araas</strong></span> <span class='ocrx_word' id='word_1_217' title='bbox 235 3054 387 3119; x_wconf 86' lang='lat' dir='ltr'><strong>Macrobii</strong></span> <span class='ocrx_word' id='word_1_218' title='bbox 412 3054 593 3120; x_wconf 90' lang='lat' dir='ltr'><strong>Candidiani</strong></span> <span class='ocrx_word' id='word_1_219' title='bbox 621 3054 838 3138; x_wconf 87' lang='lat' dir='ltr'><strong>procuratoris,</strong></span> <span class='ocrx_word' id='word_1_220' title='bbox 867 3074 945 3139; x_wconf 89' lang='lat' dir='ltr'><strong>quae</strong></span> <span class='ocrx_word' id='word_1_221' title='bbox 975 3056 1047 3120; x_wconf 88' lang='lat' dir='ltr'><strong>sunt</strong></span> <span class='ocrx_word' id='word_1_222' title='bbox 1072 3054 1105 3118; x_wconf 90' lang='lat' dir='ltr'><strong>in</strong></span> <span class='ocrx_word' id='word_1_223' title='bbox 1130 3054 1184 3119; x_wconf 91' lang='lat' dir='ltr'><strong>uia</strong></span> 
     </span>
     <span class='ocr_line' id='line_1_27' title="bbox 59 3158 1182 3241; baseline 0.002 -20"><span class='ocrx_word' id='word_1_224' title='bbox 59 3158 264 3241; x_wconf 82' lang='lat' dir='ltr'><strong>llappulicnsi</strong></span> <span class='ocrx_word' id='word_1_225' title='bbox 289 3158 375 3221; x_wconf 85' lang='lat' dir='ltr'><strong>iuxta</strong></span> <span class='ocrx_word' id='word_1_226' title='bbox 399 3158 541 3240; x_wconf 87' lang='lat' dir='ltr'><strong>piscinas,</strong></span> <span class='ocrx_word' id='word_1_227' title='bbox 568 3177 639 3223; x_wconf 92' lang='lat' dir='ltr'><strong>cum</strong></span> <span class='ocrx_word' id='word_1_228' title='bbox 665 3160 737 3224; x_wconf 91' lang='lat' dir='ltr'><strong>uoto</strong></span> <span class='ocrx_word' id='word_1_229' title='bbox 760 3159 791 3222; x_wconf 92' lang='lat' dir='ltr'><strong>et</strong></span> <span class='ocrx_word' id='word_1_230' title='bbox 812 3158 968 3240; x_wconf 90' lang='lat' dir='ltr'><strong>triumpho</strong></span> <span class='ocrx_word' id='word_1_231' title='bbox 994 3176 1105 3241; x_wconf 89' lang='lat' dir='ltr'><strong>magno</strong></span> <span class='ocrx_word' id='word_1_232' title='bbox 1128 3158 1182 3223; x_wconf 93' lang='lat' dir='ltr'><strong>de·</strong></span> 
     </span>
     <span class='ocr_line' id='line_1_28' title="bbox 59 3260 1182 3345; baseline 0 -22"><span class='ocrx_word' id='word_1_233' title='bbox 59 3262 185 3327; x_wconf 90' lang='lat' dir='ltr'><strong>ductum</strong></span> <span class='ocrx_word' id='word_1_234' title='bbox 202 3263 260 3325; x_wconf 88' lang='grc'><strong>111.</strong></span> <span class='ocrx_word' id='word_1_235' title='bbox 276 3261 347 3344; x_wconf 89' lang='lat' dir='ltr'><strong>post</strong></span> <span class='ocrx_word' id='word_1_236' title='bbox 360 3280 474 3345; x_wconf 87' lang='lat' dir='ltr'><strong>paucos</strong></span> <span class='ocrx_word' id='word_1_237' title='bbox 489 3263 594 3327; x_wconf 90' lang='lat' dir='ltr'><strong>autem</strong></span> <span class='ocrx_word' id='word_1_238' title='bbox 609 3261 675 3327; x_wconf 89' lang='lat' dir='ltr'><strong>dies</strong></span> <span class='ocrx_word' id='word_1_239' title='bbox 690 3261 834 3328; x_wconf 80' lang='lat' dir='ltr'><strong>Galerius</strong></span> <span class='ocrx_word' id='word_1_240' title='bbox 849 3261 1004 3327; x_wconf 87' lang='lat' dir='ltr'><strong>Maximus</strong></span> <span class='ocrx_word' id='word_1_241' title='bbox 1019 3260 1182 3344; x_wconf 90' lang='lat' dir='ltr'><strong>proconsul</strong></span> 
     </span>
     <span class='ocr_line' id='line_1_29' title="bbox 60 3365 201 3429; baseline 0 -2"><span class='ocrx_word' id='word_1_242' title='bbox 60 3365 201 3429; x_wconf 85' lang='lat' dir='ltr'><strong>decessit.</strong></span> 
     </span>
    </p>
   </div>
   <div class='ocr_carea' id='block_1_3' title="bbox 5 3602 1248 4455">
    <p class='ocr_par' dir='ltr' id='par_1_10' title="bbox 62 3602 1150 3761">
     <span class='ocr_line' id='line_1_30' title="bbox 107 3602 1148 3675; baseline -0.002 -17"><span class='ocrx_word' id='word_1_243' title='bbox 107 3608 123 3658; x_wconf 94' lang='lat'>1</span> <span class='ocrx_word' id='word_1_244' title='bbox 134 3605 189 3658; x_wconf 89' lang='lat' dir='ltr'><strong>tibi</strong></span> <span class='ocrx_word' id='word_1_245' title='bbox 201 3604 323 3658; x_wconf 81' lang='lat' dir='ltr'><strong>nefariae</strong></span> <span class='ocrx_word' id='word_1_246' title='bbox 330 3605 395 3658; x_wconf 99' lang='grc' dir='ltr'><strong>ΕΜ</strong></span> <span class='ocrx_word' id='word_1_247' title='bbox 462 3606 479 3659; x_wconf 79' lang='lat'><strong>2</strong></span> <span class='ocrx_word' id='word_1_248' title='bbox 486 3614 548 3674; x_wconf 80' lang='lat' dir='ltr'><strong>post</strong></span> <span class='ocrx_word' id='word_1_249' title='bbox 560 3606 698 3660; x_wconf 89' lang='lat' dir='ltr'><strong>inimicum</strong></span> <span class='ocrx_word' id='word_1_250' title='bbox 709 3610 738 3659; x_wconf 89' lang='grc'><strong>11</strong></span> <span class='ocrx_word' id='word_1_251' title='bbox 744 3606 884 3675; x_wconf 72' lang='lat' dir='ltr'><strong>praecipit</strong></span> <span class='ocrx_word' id='word_1_252' title='bbox 892 3604 968 3659; x_wconf 83' lang='lat' dir='ltr'><strong>EM:</strong></span> <span class='ocrx_word' id='word_1_253' title='bbox 981 3602 1148 3659; x_wconf 76' lang='lat' dir='ltr'><strong>constituisti</strong></span> 
     </span>
     <span class='ocr_line' id='line_1_31' title="bbox 62 3689 1150 3761; baseline -0.001 -18"><span class='ocrx_word' id='word_1_254' title='bbox 62 3691 237 3760; x_wconf 80' lang='lat' dir='ltr'><strong>religionibus</strong></span> <span class='ocrx_word' id='word_1_255' title='bbox 255 3691 338 3743; x_wconf 82' lang='grc'><strong>111111</strong></span> <span class='ocrx_word' id='word_1_256' title='bbox 350 3692 420 3755; x_wconf 87' lang='grc' dir='ltr'><strong>ΕΜ,</strong></span> <span class='ocrx_word' id='word_1_257' title='bbox 441 3693 523 3746; x_wconf 89' lang='lat' dir='ltr'><strong>sacris</strong></span> <span class='ocrx_word' id='word_1_258' title='bbox 541 3692 645 3761; x_wconf 88' lang='lat' dir='ltr'><strong>legibus</strong></span> <span class='ocrx_word' id='word_1_259' title='bbox 656 3710 674 3746; x_wconf 87' lang='lat' dir='ltr'><strong>c</strong></span> <span class='ocrx_word' id='word_1_260' title='bbox 828 3708 875 3745; x_wconf 89' lang='lat' dir='ltr'><strong>nec</strong></span> <span class='ocrx_word' id='word_1_261' title='bbox 886 3691 925 3759; x_wconf 84' lang='lat' dir='ltr'><strong>tc]</strong></span> <span class='ocrx_word' id='word_1_262' title='bbox 937 3694 964 3744; x_wconf 91' lang='lat' dir='ltr'><strong>tc</strong></span> <span class='ocrx_word' id='word_1_263' title='bbox 976 3691 1017 3755; x_wconf 84' lang='lat' dir='ltr'><strong>M,</strong></span> <span class='ocrx_word' id='word_1_264' title='bbox 1038 3691 1107 3743; x_wconf 83' lang='lat' dir='ltr'><strong>recte</strong></span> <span class='ocrx_word' id='word_1_265' title='bbox 1119 3689 1150 3742; x_wconf 82' lang='lat' dir='ltr'><strong><em>E</em></strong></span> 
     </span>
    </p>

    <p class='ocr_par' dir='ltr' id='par_1_11' title="bbox 5 3761 1181 3932">
     <span class='ocr_line' id='line_1_32' title="bbox 5 3761 1173 3847; baseline -0.005 -13"><span class='ocrx_word' id='word_1_266' title='bbox 5 3793 6 3834; x_wconf 71' lang='lat'>1</span> <span class='ocrx_word' id='word_1_267' title='bbox 62 3776 112 3829; x_wconf 80' lang='grc'><strong>311</strong></span> <span class='ocrx_word' id='word_1_268' title='bbox 122 3761 243 3831; x_wconf 50' lang='lat' dir='ltr'><strong>nissimi</strong></span> <span class='ocrx_word' id='word_1_269' title='bbox 254 3777 388 3847; x_wconf 89' lang='lat' dir='ltr'><strong>principes</strong></span> <span class='ocrx_word' id='word_1_270' title='bbox 400 3778 487 3831; x_wconf 88' lang='lat' dir='ltr'><strong>nostri</strong></span> <span class='ocrx_word' id='word_1_271' title='bbox 499 3778 564 3832; x_wconf 83' lang='lat' dir='ltr'><strong>EM</strong></span> <span class='ocrx_word' id='word_1_272' title='bbox 675 3784 793 3832; x_wconf 80' lang='grc'><strong>4111111</strong></span> <span class='ocrx_word' id='word_1_273' title='bbox 806 3781 878 3831; x_wconf 85' lang='lat' dir='ltr'><strong>secta</strong></span> <span class='ocrx_word' id='word_1_274' title='bbox 889 3777 1104 3831; x_wconf 86' lang='lat' dir='ltr'><strong>felicissimorum</strong></span> <span class='ocrx_word' id='word_1_275' title='bbox 1118 3778 1173 3828; x_wconf 85' lang='lat' dir='ltr'><strong>tem</strong></span> 
     </span>
     <span class='ocr_line' id='line_1_33' title="bbox 63 3858 1181 3932; baseline -0.003 -16"><span class='ocrx_word' id='word_1_276' title='bbox 63 3878 147 3929; x_wconf 74' lang='lat' dir='ltr'><strong>porum</strong></span> <span class='ocrx_word' id='word_1_277' title='bbox 165 3880 277 3917; x_wconf 84' lang='lat' dir='ltr'><strong>suornm</strong></span> <span class='ocrx_word' id='word_1_278' title='bbox 290 3858 420 3917; x_wconf 75' lang='lat' dir='ltr'><strong>&#39;obdurati</strong></span> <span class='ocrx_word' id='word_1_279' title='bbox 437 3863 532 3917; x_wconf 80' lang='lat' dir='ltr'><strong>furoris</strong></span> <span class='ocrx_word' id='word_1_280' title='bbox 546 3864 581 3918; x_wconf 90' lang='lat' dir='ltr'><strong>ad</strong></span> <span class='ocrx_word' id='word_1_281' title='bbox 593 3863 747 3919; x_wconf 86' lang='lat' dir='ltr'><strong>cerimonias</strong></span> <span class='ocrx_word' id='word_1_282' title='bbox 763 3862 930 3932; x_wconf 71' lang='lat' dir='ltr'><strong>percolendas</strong></span> <span class='ocrx_word' id='word_1_283' title='bbox 948 3861 1096 3929; x_wconf 87' lang='lat' dir='ltr'><strong>bonamque</strong></span> <span class='ocrx_word' id='word_1_284' title='bbox 1108 3876 1181 3914; x_wconf 86' lang='lat' dir='ltr'><strong>men·</strong></span> 
     </span>
    </p>

    <p class='ocr_par' dir='ltr' id='par_1_12' title="bbox 5 3939 1248 4365">
     <span class='ocr_line' id='line_1_34' title="bbox 5 3939 1181 4021; baseline -0.003 -17"><span class='ocrx_word' id='word_1_285' title='bbox 5 3939 6 3954; x_wconf 22' lang='grc' dir='ltr'><strong>Ῑ</strong></span> <span class='ocrx_word' id='word_1_286' title='bbox 62 3953 110 4003; x_wconf 63' lang='lat' dir='ltr'><strong>bru</strong></span> <span class='ocrx_word' id='word_1_287' title='bbox 121 3949 274 4004; x_wconf 82' lang='lat' dir='ltr'><strong>habendam</strong></span> <span class='ocrx_word' id='word_1_288' title='bbox 284 3953 364 4004; x_wconf 86' lang='lat' dir='ltr'><strong>tanto</strong></span> <span class='ocrx_word' id='word_1_289' title='bbox 375 3954 492 4019; x_wconf 89' lang='lat' dir='ltr'><strong>ternpore</strong></span> <span class='ocrx_word' id='word_1_290' title='bbox 504 3955 566 4018; x_wconf 91' lang='lat' dir='ltr'><strong>(non</strong></span> <span class='ocrx_word' id='word_1_291' title='bbox 575 3951 638 4004; x_wconf 84' lang='lat' dir='ltr'><strong>add.</strong></span> <span class='ocrx_word' id='word_1_292' title='bbox 649 3951 689 4018; x_wconf 84' lang='grc' dir='ltr'><strong>Ε)</strong></span> <span class='ocrx_word' id='word_1_293' title='bbox 700 3954 844 4021; x_wconf 87' lang='lat' dir='ltr'><strong>potnerunt</strong></span> <span class='ocrx_word' id='word_1_294' title='bbox 856 3952 883 4003; x_wconf 92' lang='lat' dir='ltr'><strong>te</strong></span> <span class='ocrx_word' id='word_1_295' title='bbox 895 3951 933 4015; x_wconf 90' lang='lat' dir='ltr'><strong>(tc</strong></span> <span class='ocrx_word' id='word_1_296' title='bbox 942 3966 990 4003; x_wconf 77' lang='lat' dir='ltr'><strong>oin.</strong></span> <span class='ocrx_word' id='word_1_297' title='bbox 1001 3948 1048 4017; x_wconf 64' lang='lat' dir='ltr'><strong>M]</strong></span> <span class='ocrx_word' id='word_1_298' title='bbox 1060 3962 1181 4001; x_wconf 84' lang='lat' dir='ltr'><strong>reuocare</strong></span> 
     </span>
     <span class='ocr_line' id='line_1_35' title="bbox 62 4034 1180 4112; baseline -0.003 -24"><span class='ocrx_word' id='word_1_299' title='bbox 62 4037 159 4091; x_wconf 77' lang='grc'><strong>11111</strong></span> <span class='ocrx_word' id='word_1_300' title='bbox 180 4037 253 4106; x_wconf 86' lang='lat' dir='ltr'><strong>quod</strong></span> <span class='ocrx_word' id='word_1_301' title='bbox 272 4038 433 4106; x_wconf 83' lang='lat' dir='ltr'><strong>nequissimi</strong></span> <span class='ocrx_word' id='word_1_302' title='bbox 454 4038 574 4092; x_wconf 85' lang='lat' dir='ltr'><strong>criminis</strong></span> <span class='ocrx_word' id='word_1_303' title='bbox 594 4040 686 4092; x_wconf 90' lang='lat' dir='ltr'><strong>auctor</strong></span> <span class='ocrx_word' id='word_1_304' title='bbox 706 4042 734 4091; x_wconf 89' lang='grc'><strong>11</strong></span> <span class='ocrx_word' id='word_1_305' title='bbox 751 4036 865 4112; x_wconf 71' lang='lat' dir='ltr'><strong>signifer</strong></span> <span class='ocrx_word' id='word_1_306' title='bbox 885 4034 1062 4104; x_wconf 85' lang='lat' dir='ltr'><strong>deprehensus</strong></span> <span class='ocrx_word' id='word_1_307' title='bbox 1083 4050 1110 4086; x_wconf 89' lang='lat' dir='ltr'><strong>cs</strong></span> <span class='ocrx_word' id='word_1_308' title='bbox 1129 4048 1180 4101; x_wconf 89' lang='lat' dir='ltr'><strong>quo</strong></span> 
     </span>
     <span class='ocr_line' id='line_1_36' title="bbox 63 4118 1248 4193; baseline -0.004 -18"><span class='ocrx_word' id='word_1_309' title='bbox 63 4126 134 4191; x_wconf 78' lang='lat' dir='ltr'><strong>{quoa</strong></span> <span class='ocrx_word' id='word_1_310' title='bbox 144 4125 192 4193; x_wconf 87' lang='lat' dir='ltr'><strong>M)</strong></span> <span class='ocrx_word' id='word_1_311' title='bbox 203 4128 234 4178; x_wconf 91' lang='lat' dir='ltr'><strong>tu</strong></span> <span class='ocrx_word' id='word_1_312' title='bbox 246 4125 345 4179; x_wconf 84' lang='lat' dir='ltr'><strong>scolere</strong></span> <span class='ocrx_word' id='word_1_313' title='bbox 365 4125 480 4178; x_wconf 88' lang='lat' dir='ltr'><strong>docuisti</strong></span> <span class='ocrx_word' id='word_1_314' title='bbox 500 4125 558 4193; x_wconf 86' lang='lat' dir='ltr'><strong>ipsc</strong></span> <span class='ocrx_word' id='word_1_315' title='bbox 579 4124 734 4179; x_wconf 88' lang='lat' dir='ltr'><strong>documento</strong></span> <span class='ocrx_word' id='word_1_316' title='bbox 746 4126 778 4177; x_wconf 93' lang='lat' dir='ltr'><strong>ut</strong></span> <span class='ocrx_word' id='word_1_317' title='bbox 790 4122 915 4192; x_wconf 88' lang='lat' dir='ltr'><strong>quoniam</strong></span> <span class='ocrx_word' id='word_1_318' title='bbox 933 4125 980 4175; x_wconf 93' lang='lat' dir='ltr'><strong>tuo</strong></span> <span class='ocrx_word' id='word_1_319' title='bbox 999 4120 1093 4175; x_wconf 83' lang='lat' dir='ltr'><strong>adnitu</strong></span> <span class='ocrx_word' id='word_1_320' title='bbox 1112 4118 1180 4187; x_wconf 82' lang='grc'><strong>(111-</strong></span> <span class='ocrx_word' id='word_1_321' title='bbox 1246 4186 1248 4191; x_wconf 18' lang='grc' dir='ltr'><strong><em>Α</em></strong></span> 
     </span>
     <span class='ocr_line' id='line_1_37' title="bbox 63 4206 1180 4279; baseline -0.002 -18"><span class='ocrx_word' id='word_1_322' title='bbox 63 4208 119 4262; x_wconf 82' lang='lat' dir='ltr'><strong>nitu</strong></span> <span class='ocrx_word' id='word_1_323' title='bbox 127 4211 172 4277; x_wconf 88' lang='lat' dir='ltr'><strong>M)</strong></span> <span class='ocrx_word' id='word_1_324' title='bbox 184 4210 294 4265; x_wconf 77' lang='lat' dir='ltr'><strong>denuit</strong></span> <span class='ocrx_word' id='word_1_325' title='bbox 305 4211 440 4279; x_wconf 84' lang='lat' dir='ltr'><strong>sacrilega</strong></span> <span class='ocrx_word' id='word_1_326' title='bbox 452 4212 618 4265; x_wconf 89' lang='lat' dir='ltr'><strong>contumacio</strong></span> <span class='ocrx_word' id='word_1_327' title='bbox 628 4214 677 4265; x_wconf 91' lang='lat' dir='ltr'><strong>tuo</strong></span> <span class='ocrx_word' id='word_1_328' title='bbox 689 4210 818 4279; x_wconf 87' lang='lat' dir='ltr'><strong>sanguine</strong></span> <span class='ocrx_word' id='word_1_329' title='bbox 831 4210 965 4263; x_wconf 86' lang='lat' dir='ltr'><strong>sancietur</strong></span> <span class='ocrx_word' id='word_1_330' title='bbox 977 4208 1124 4277; x_wconf 79' lang='lat' dir='ltr'><strong>(sangietur</strong></span> <span class='ocrx_word' id='word_1_331' title='bbox 1134 4206 1180 4273; x_wconf 88' lang='lat' dir='ltr'><strong>M)</strong></span> 
     </span>
     <span class='ocr_line' id='line_1_38' title="bbox 67 4293 1180 4365; baseline -0.001 -18"><span class='ocrx_word' id='word_1_332' title='bbox 67 4293 201 4364; x_wconf 73' lang='lat' dir='ltr'><strong>disciplina</strong></span> <span class='ocrx_word' id='word_1_333' title='bbox 219 4302 248 4351; x_wconf 87' lang='lat' dir='ltr'><strong>ct</strong></span> <span class='ocrx_word' id='word_1_334' title='bbox 264 4300 402 4352; x_wconf 84' lang='lat' dir='ltr'><strong>decretum</strong></span> <span class='ocrx_word' id='word_1_335' title='bbox 423 4313 454 4351; x_wconf 88' lang='lat' dir='ltr'><strong>cx</strong></span> <span class='ocrx_word' id='word_1_336' title='bbox 471 4298 572 4351; x_wconf 88' lang='lat' dir='ltr'><strong>tabella</strong></span> <span class='ocrx_word' id='word_1_337' title='bbox 592 4298 730 4351; x_wconf 86' lang='lat' dir='ltr'><strong>recitauit:</strong></span> <span class='ocrx_word' id='word_1_338' title='bbox 752 4297 894 4351; x_wconf 80' lang='lat' dir='ltr'><strong>Thascium</strong></span> <span class='ocrx_word' id='word_1_339' title='bbox 906 4296 1067 4365; x_wconf 86' lang='lat' dir='ltr'><strong>Cyprianum</strong></span> <span class='ocrx_word' id='word_1_340' title='bbox 1089 4293 1180 4363; x_wconf 86' lang='lat' dir='ltr'><strong>gladio</strong></span> 
     </span>
    </p>

    <p class='ocr_par' dir='ltr' id='par_1_13' title="bbox 5 4379 963 4455">
     <span class='ocr_line' id='line_1_39' title="bbox 5 4379 963 4455; baseline 0.003 -19"><span class='ocrx_word' id='word_1_341' title='bbox 5 4379 6 4430; x_wconf 81' lang='lat' dir='ltr'><strong>l</strong></span> <span class='ocrx_word' id='word_1_342' title='bbox 68 4380 234 4439; x_wconf 67' lang='lat' dir='ltr'><strong>nummati</strong></span> <span class='ocrx_word' id='word_1_343' title='bbox 245 4386 338 4455; x_wconf 84' lang='lat' dir='ltr'><strong>placet</strong></span> <span class='ocrx_word' id='word_1_344' title='bbox 350 4382 518 4441; x_wconf 80' lang='lat' dir='ltr'><strong>EXPLICIT</strong></span> <span class='ocrx_word' id='word_1_345' title='bbox 530 4383 651 4442; x_wconf 80' lang='lat' dir='ltr'>PASSIO</span> <span class='ocrx_word' id='word_1_346' title='bbox 662 4383 835 4439; x_wconf 83' lang='lat' dir='ltr'><strong>CYPRIANI</strong></span> <span class='ocrx_word' id='word_1_347' title='bbox 847 4384 916 4440; x_wconf 89' lang='grc' dir='ltr'><strong>ΕΜ.</strong></span> <span class='ocrx_word' id='word_1_348' title='bbox 930 4413 963 4425; x_wconf 90' lang='grc'>-</span> 
     </span>
    </p>
   </div>
   <div class='ocr_carea' id='block_1_4' title="bbox 159 4474 972 4539">
    <p class='ocr_par' dir='ltr' id='par_1_14' title="bbox 159 4474 972 4539">
     <span class='ocr_line' id='line_1_40' title="bbox 159 4474 972 4539; baseline 0.001 -1"><span class='ocrx_word' id='word_1_349' title='bbox 159 4488 206 4538; x_wconf 85' lang='grc'><strong>111</strong></span> <span class='ocrx_word' id='word_1_350' title='bbox 951 4474 972 4539; x_wconf 92' lang='lat' dir='ltr'>h</span> 
     </span>
    </p>
   </div>
   <div class='ocr_carea' id='block_1_5' title="bbox 0 0 1518 4967">
    <p class='ocr_par' dir='ltr' id='par_1_15' title="bbox 0 0 1518 4967">
     <span class='ocr_line' id='line_1_41' title="bbox 0 0 1518 4967; baseline 0 0"><span class='ocrx_word' id='word_1_351' title='bbox 0 0 1518 4967; x_wconf 95' lang='lat' dir='ltr'><strong> </strong></span> 
     </span>
    </p>
   </div>
  </div>
 </body>
</html>
