3025 4967
247 375 312 440 472
643 370 791 427 Caecilii
813 369 976 440 Cypriani

246 529 329 594 male
343 527 564 614 cogitantium,
587 528 623 592 ut
636 527 697 592 sibi
712 527 871 610 placeant,
892 530 930 592 ut
947 525 1159 610 praepositum
1173 525 1305 609 superbo
1318 528 1373 590 tu·

246 649 332 698 more
346 632 553 698 contemnant.
583 630 629 695 sic
642 629 680 694 de
694 630 823 696 ecclesia
843 630 999 695 receditur
1004 679 1015 713 ,
1037 629 1083 695 sic
1097 629 1196 694 altare
1209 629 1373 711 profanum

247 734 322 801 loris
337 734 526 817 conlocatur,
550 733 594 804 sic
608 735 714 798 contra
728 751 837 815 pacem
851 731 967 798 Christi
987 735 1020 797 et
1033 732 1262 798 ordinationem
1273 733 1373 814 adque

248 838 398 902 unitatem
420 837 478 902 Dei
492 836 671 902 rebellatur.
702 836 785 918 quod
805 837 833 901 si
855 836 940 901 ultra
954 837 987 900 te
1001 835 1198 902 contumeliis
1213 836 1278 900 suis
1299 853 1373 900 exa·

246 939 417 1006 certauerit
424 941 456 1004 et
462 939 683 1022 prouocauerit,
695 938 835 1024 fungeris
848 941 955 1004 eontm
965 957 1037 1003 eum
1047 939 1234 1020 potestatem
1248 937 1394 1004 honoriae

245 1043 303 1127 tui,
326 1029 362 1109 ut
376 1061 447 1108 eum
468 1043 519 1108 uel
535 1043 669 1124 deponas
684 1042 736 1107 uel
756 1042 921 1108 abstineas.
950 1042 1066 1107 namsi
1080 1040 1237 1124 apostolus
1251 1040 1372 1106 Paulus

245 1145 285 1211 ad
299 1145 498 1212 Timotheum
512 1145 648 1212 scribens
663 1145 757 1211 dixit:
781 1146 1036 1212 iuuentutem
1049 1146 1158 1210 tuam
1178 1161 1286 1210 nemo
1307 1145 1373 1210 de-

245 1249 411 1332 spiciat,
427 1250 542 1332 quanto
557 1248 659 1334 magis
670 1249 731 1314 libi
744 1248 980 1333 acollegistuis
991 1247 1157 1314 dimudum
1166 1251 1230 1315 est:
1245 1267 1374 1314 senec·

246 1352 370 1418 tutem
392 1353 499 1418 tuam
521 1368 629 1418 nemo
651 1350 864 1436 despiciat
894 1352 926 1417 et
947 1351 1094 1434 quoniam
1108 1352 1374 1437 scripsistiquen·

245 1453 318 1520 dam
333 1473 404 1520 oum
419 1456 525 1522 eodem
540 1454 666 1520 diacono
680 1456 735 1520 tuo
749 1474 783 1520 se
796 1456 959 1521 miscuisse
972 1457 1004 1520 et
1014 1456 1177 1538 superbiae
1190 1456 1258 1520 eius
1271 1455 1373 1536 adque
1383 1480 1414 1519 ιο

246 1559 391 1624 audaciae
413 1559 595 1643 participem
611 1577 692 1642 osae,
716 1559 800 1625 hunc
822 1562 989 1643 quoquest
1009 1561 1037 1625 si
1059 1561 1113 1642 qui
1128 1559 1183 1624 alii
1198 1559 1277 1624 talea
1292 1558 1375 1624 exti-
1456 1625 1464 1634 ,

246 1661 341 1726 tarint
361 1663 393 1727 et
408 1663 513 1727 contm
532 1663 721 1728 sacerdotem
737 1663 796 1729 Dei
816 1663 947 1729 fecerint
960 1663 1012 1729 uel
1033 1681 1171 1729 coercere
1184 1662 1299 1746 poteris
1320 1662 1376 1727 uel

245 1763 407 1830 abstinere.
437 1765 498 1830 nisi
513 1766 595 1848 quod
609 1765 770 1832 hortamur
783 1768 816 1832 et
836 1786 999 1833 monemus
1013 1768 1050 1832 ut
1063 1783 1206 1848 peccasse
1220 1785 1254 1831 se
1266 1765 1374 1848 potius

245 1868 431 1953 intellegant
450 1871 482 1933 et
503 1867 695 1934 saussaoiant
714 1871 745 1934 et
759 1888 815 1935 uos
829 1871 1022 1952 propositum
1035 1872 1177 1934 nostmm
1190 1871 1294 1934 tenere
1315 1887 1374 1950 pa-

246 1972 374 2038 tiantur.
399 1972 501 2057 magis
516 1972 599 2038 enim
614 1973 756 2055 optamus
771 1974 803 2038 et
818 1973 961 2056 cupimus
976 1972 1181 2038 contumelias
1194 1975 1227 2037 et
1241 1971 1373 2036 inierim
1386 1993 1416 2033 ιι

245 2076 440 2160 singulorum
455 2075 600 2142 clementi
621 2077 774 2158 patientia
795 2076 918 2141 uincere
932 2095 1027 2158 quam
1047 2076 1230 2142 sacerdotali
1244 2074 1375 2140 licentia

246 2179 412 2244 uindicare.
441 2181 514 2262 opto
530 2182 571 2262 te,
594 2179 690 2244 irater
704 2178 873 2257 carissime,
894 2199 1017 2263 semper
1035 2179 1112 2246 bene
1126 2179 1239 2244 ualere.

516 2467 897 2579 EPISTVLA
941 2468 1087 2580 llll.
1214 2473 1224 2484 ’

287 2636 501 2703 CYPRIANVS,
531 2637 730 2706 CAECILIVS,
760 2637 902 2704 Vlmoa,
933 2639 1102 2704 SEDA'l'VS,
1133 2637 1338 2694 Taouvnuvs

248 2723 323 2780 CVM
358 2723 596 2779 PBFSBY'OERIS
624 2724 687 2792 QVI
720 2724 948 2866 gfflllllis'l'lis
983 2725 1153 2779 scamna
1188 2723 1422 2786 Pomponio„

222 2957 235 3021 l
290 2951 438 3042 Legimus
459 2950 581 3017 litteras
607 2957 693 3036 tuas,
715 2951 812 3018 frater
833 2952 1005 3034 carissime,
1029 2971 1105 3034 quas
1125 2972 1181 3036 per
1201 2951 1374 3018 Paconium

249 3052 380 3120 fratrem
394 3055 534 3120 nostmm
549 3055 665 3120 misisti
680 3055 842 3138 postulans
856 3057 888 3120 et
900 3055 1078 3121 desiderem
1093 3057 1130 3120 ut
1147 3055 1208 3121 tibi
1223 3055 1376 3121 rescribe-

351 3239 486 3296 il'lim.
504 3241 529 3306 4,
548 3240 589 3294 12.

300 3381 316 3434 1
335 3379 397 3449 sibi]
411 3379 488 3434 sicP
541 3395 653 3449 superno
670 3381 696 3433 Y
746 3379 992 3435 2contemnuntT
1043 3381 1234 3450 regrediturB
1279 3381 1378 3435 3foris

248 3479 284 3522 ec
300 3465 355 3520 lora
373 3467 400 3521 L
417 3469 486 3520 Μ
559 3466 633 3523 asi.
650 3465 677 3521 L
750 3467 769 3521 5
788 3466 980 3536 prouocanerit]
1000 3468 1205 3536 proclamanerit
1225 3466 1259 3530 L,
1280 3467 1378 3536 proba-

249 3553 320 3607 uerit
334 3555 360 3608 T
395 3551 516 3622 fungeris
533 3551 581 3606 ille
593 3553 627 3617 L,
645 3551 768 3622 fungaris
784 3553 821 3623 ρ’
841 3553 972 3623 (iungeris
984 3553 1069 3623 W)
1109 3553 1210 3624 contra]
1229 3554 1299 3609 circa
1314 3555 1376 3625 QV,

250 3639 350 3694 circum
366 3641 392 3692 T
439 3641 599 3708 potestatem
615 3637 677 3704 BV,
695 3641 830 3709 potestate
842 3640 967 3710 LPQTc
1012 3640 1029 3694 6
1046 3640 1115 3709 enm]
1134 3656 1193 3694 eum
1205 3642 1337 3710 potestate
1353 3641 1383 3694 T

250 3723 266 3778 7
290 3724 422 3794 despiciat
444 3726 470 3778 T
485 3725 568 3794 (dcta
592 3725 611 3780 1.
633 3726 663 3793 9)
743 3727 762 3780 8
787 3725 892 3796 quando
917 3727 944 3778 Τ
1020 3728 1069 3779 tua
1092 3726 1145 3779 tibi
1171 3727 1198 3782 T
1268 3726 1303 3780 1o
1327 3729 1377 3781 tuo

249 3825 299 3865 om.
318 3809 354 3872 Β,
371 3810 404 3863 ia
422 3825 477 3864 roa.
495 3810 523 3865 P
538 3813 612 3866 Μ
669 3811 846 3866 miseomisact
860 3814 886 3867 Τ
935 3812 967 3866 11
985 3811 1090 3868 εΙίιίιΡ
1145 3812 1330 3866 extiterantL

250 3881 497 3950 undresinse
542 3895 795 3950 praepararer
847 3895 1005 3967 ponem
1051 3895 1084 3949 14
1094 3895 1278 3965 praepositum
1288 3894 1342 3964 ap

250 3981 284 4034 15
301 3983 330 4034 et
353 3980 481 4035 iniuriam
507 3979 565 4052 QT,
584 3997 636 4038 om.
658 3981 686 4036 B
757 3981 790 4036 11
807 3985 870 4053 opto
940 3982 1030 4036 ualere
1052 3997 1102 4036 om.
1121 3981 1157 4049 L,
1181 3985 1243 4051 opto
1263 3985 1291 4035 te
1308 3981 1376 4036 bene

251 4067 340 4122 ualere
353 4067 387 4121 B.
412 4095 446 4108 -
469 4067 512 4122 Ad
534 4067 656 4138 (Caecilii
679 4068 806 4139 Cypriani
829 4068 864 4122 ad
881 4067 919 4137 Β)
936 4068 1118 4138 Rogatianum
1135 4066 1168 4121 de
1189 4067 1298 4122 diacono
1316 4050 1373 4135 er‘

252 4151 317 4207 ΒΜ
318 4153 348 4217 Τ,
366 4135 461 4224 effiad
472 4153 652 4224 Rogatianum
664 4153 697 4210 de
708 4154 818 4209 diacono
828 4155 863 4219 P,
878 4152 1101 4224 adRogatianum
1112 4135 1205 4224 epr,
1226 4169 1276 4209 om.
1290 4153 1323 4207 L.
1340 4183 1375 4194 -·

302 4238 387 4310 Epist.
403 4239 471 4296 1111.
483 4271 514 4282 -
528 4241 629 4312 Incipit
645 4240 680 4295 ad
697 4241 873 4310 Pomponium
890 4239 1056 4310 (Pompeium
1072 4237 1153 4310 ΩἮ)
1174 4240 1206 4294 de
1223 4239 1377 4308 uirginibus

253 4325 447 4397 BLMQRW.
466 4357 499 4368 -
518 4328 551 4382 19
568 4327 683 4382 tortulas
705 4327 741 4397 Q,
759 4327 874 4382 tertalns
896 4327 931 4378 W
995 4325 1031 4380 20
1045 4341 1105 4380 cum
1123 4325 1297 4395 presbyteris]
1315 4341 1379 4379 con-

251 4413 432 4483 preabiterili
497 4413 532 4467 23
549 4413 763 4469 scriberemusz
