3025 4967
439 400 617 469 Epistulae
634 398 733 454 LVII.
752 416 775 457 c.
791 400 871 455 4-5.
1151 405 1217 472 655

104 575 184 624 oues
203 572 305 619 meas
320 554 363 621 de
378 554 556 621 manibus
579 574 707 623 eorum
730 557 769 622 et
787 559 960 623 auertam
981 575 1060 637 eas,
1083 560 1126 623 ut
1147 575 1220 623 uon

105 659 253 744 pascant
273 676 360 724 oues
379 677 496 726 meas:
518 660 556 724 et
575 659 650 726 iam
670 675 742 726 nou
762 662 923 744 pascent
941 663 1018 740 eas,
1040 661 1079 726 et
1098 663 1222 727 extra-

104 765 179 829 ham
208 780 296 827 oues
328 780 430 828 meas
462 762 506 828 de
533 778 595 827 ore
627 780 757 829 eorum
790 764 828 829 et
855 782 1009 847 pascam
1042 783 1106 831 eas
1138 784 1222 831 curn

103 864 255 931 iudicio.

86 996 96 1033 s
119 986 122 991 ·
144 968 188 1033 Nc
202 968 300 1053 igitur
311 984 362 1033 ore
373 970 487 1048 nostro,
503 986 563 1050 quo
577 986 685 1051 pacem
700 985 859 1054 negamus,
876 987 937 1052 quo
951 970 1105 1037 duritiam
1120 971 1251 1057 magist

105 1072 250 1139 humanae
271 1070 466 1138 crudelitatis
487 1090 581 1153 quam
602 1070 725 1137 diuinae
740 1074 773 1138 et
787 1075 932 1156 paternae
948 1073 1077 1156 pietatis
1092 1075 1222 1158 opponi·

105 1193 177 1253 rnus,
197 1190 268 1239 oues
283 1173 373 1239 uobis
388 1174 572 1241 commissae
587 1194 606 1239 a
620 1174 753 1241 Domino
768 1176 977 1258 reposcantur,
997 1177 1117 1260 placuit
1130 1177 1221 1243 nobis

103 1279 199 1342 sancto
214 1276 326 1359 spiritu
342 1278 527 1362 suggerente
538 1278 570 1343 et
581 1276 713 1343 Domino
728 1296 784 1360 per
798 1278 931 1344 uisiones
946 1279 1063 1344 multas
1074 1282 1107 1345 et
1118 1280 1221 1346 maui-

103 1378 191 1445 festas
204 1380 398 1459 admonente,
419 1381 456 1446 ut
470 1381 542 1463 quia
555 1380 654 1447 hostis
669 1380 757 1446 uobis
772 1381 923 1448 inminere
937 1382 1173 1464 praenuntiatur
1187 1384 1220 1448 et

74 1510 96 1549 rc
105 1482 278 1567 ostenditur,
305 1482 450 1567 colligere
474 1483 557 1548 intra
582 1484 685 1549 castra
707 1482 826 1549 milites
847 1482 964 1551 Christi
984 1486 1017 1549 et
1037 1486 1222 1555 examinatis

103 1586 290 1671 singulorum
317 1586 418 1653 causis
443 1605 551 1670 paoem
577 1587 673 1669 lapsis
696 1587 778 1667 dare,
805 1589 902 1653 immo
926 1589 1113 1673 pugnaturis
1136 1608 1224 1657 mma

104 1708 271 1775 suggerere.
293 1689 374 1772 quod
397 1690 550 1755 credimur
572 1690 662 1757 uobis
686 1708 807 1773 quoque
827 1691 972 1773 pateruae
992 1691 1222 1759 misericordiae

104 1792 354 1875 contemplatione
374 1792 573 1875 placiturum.
595 1792 677 1876 quod
698 1792 726 1859 si
741 1794 780 1859 de
800 1792 927 1877 collegis
948 1793 1063 1876 aliquis
1083 1795 1224 1861 extiterit

103 1896 151 1977 qui
171 1898 324 1982 urguente
347 1896 515 1962 certamine
537 1915 642 1979 pacem
665 1895 814 1962 iratribus
830 1898 861 1961 et
876 1897 1032 1963 sororibus
1052 1916 1112 1964 non
1132 1899 1225 1982 putat

72 1999 240 2077 nudandam,
265 2000 374 2067 reddet
396 1999 453 2065 ills
475 2000 627 2069 rationem
648 2000 681 2066 iu
696 2001 746 2065 dis
767 2000 877 2067 iudicii
891 2000 1024 2067 Domino
1046 2000 1098 2065 uel
1117 2000 1224 2084 inpor-

104 2103 190 2167 tunae
213 2122 360 2169 camurae
382 2104 434 2169 uel
454 2104 640 2169 inhumanae
662 2104 797 2171 duritias
819 2124 900 2170 suae.
925 2121 979 2169 nos
1000 2103 1083 2185 quod
1104 2103 1177 2168 fidei
1192 2105 1224 2170 et

101 2207 217 2273 caritati
243 2208 277 2272 et
302 2206 505 2273 sollicitudini
531 2207 728 2292 congruebat,
760 2226 837 2290 quas
864 2209 950 2272 orant
979 2207 1012 2271 in
1038 2206 1225 2273 couscientia

101 2310 197 2375 nostra
232 2310 432 2393 protulimus,
474 2308 556 2375 diem
587 2310 766 2375 certaminis
795 2308 1065 2393 adpropinquasse,
1100 2309 1226 2379 hostem

100 2412 266 2479 uiolentam
287 2413 349 2479 cito
370 2414 476 2479 contra
496 2431 551 2479 uos
573 2432 729 2497 exurgere,
757 2431 894 2497 pugnarn
915 2429 976 2476 nou
996 2411 1094 2477 talem
1117 2411 1218 2493 qualis

69 2542 91 2583 a
100 2512 157 2579 uuo
171 2518 223 2581 sed
239 2516 417 2601 gramarum
432 2516 532 2581 multo
548 2517 579 2581 et
593 2516 742 2581 acriorem
758 2516 873 2593 uenire,
891 2514 949 2579 hoc
962 2513 1050 2580 nobis
1066 2514 1218 2581 diuinitus

99 2614 269 2701 frequenter
284 2619 413 2701 ostendi,
430 2619 539 2684 dehoc
555 2635 609 2683 uos
621 2618 817 2703 prouidentia
828 2618 860 2683 et
870 2614 1082 2683 misericordia
1092 2617 1219 2683 Domini

145 2939 245 2995 lmese
261 2942 296 2996 0¹
399 2940 454 3009 eas]
468 2956 510 2993 eos
527 2939 593 2996 GRc
695 2942 727 2993 ut
737 2940 801 3010 uon]
818 2956 850 2993 uc
867 2938 943 3009 oQR
1046 2941 1078 2993 ut
1089 2954 1142 2993 non
1152 2956 1178 3008 p.
1192 2955 1216 2993 o.

100 3038 169 3077 meas
180 3040 230 3079 om.
244 3024 320 3095 Mo*
411 3026 532 3093 apascar
545 3026 572 3079 R
583 3042 596 3079 s
608 3042 677 3080 erae.
770 3026 854 3080 etiam
869 3024 944 3095 OLQ
1035 3028 1146 3093 pascant
1158 3025 1219 3090 LP,

98 3122 201 3177 pascam
211 3112 249 3167 Μ
260 3112 380 3186 (pascant
394 3110 417 3182 Q
429 3113 475 3165 sed
486 3128 500 3165 e
512 3114 602 3182 cora),
613 3127 722 3181 parcen·
735 3111 763 3166 R
774 3128 788 3164 s
799 3126 868 3165 erac
939 3110 994 3179 ets]
1006 3125 1069 3163 oues
1081 3111 1189 3164 meast)

98 3196 201 3251 maharu
216 3200 238 3251 0
321 3200 338 3251 3
350 3213 457 3267 pascam
469 3214 512 3251 eos
527 3200 553 3263 C,
564 3213 672 3267 pascam
685 3198 713 3253 R
787 3196 805 3249 5
820 3196 970 3265 quo-quo]
982 3194 1192 3264 quod—quodi?

101 3280 118 3334 6
127 3280 298 3355 dulcedinem¹
305 3282 413 3337 diuinae
425 3284 524 3337 moluit
533 3283 641 3350 Rosci&
652 3282 765 3352 pietatis
777 3281 943 3336 dulcedinem
953 3281 1098 3348 Erasmus,
1109 3281 1222 3350 pietatis

101 3366 239 3424 lenitatem
257 3368 367 3437 malim
388 3370 424 3436 cf.
437 3370 514 3438 epist.
527 3374 564 3424 68
575 3386 597 3423 c.
611 3374 641 3422 1:
667 3368 775 3422 diuinae
791 3368 903 3438 pietatis
915 3370 944 3421 et
955 3368 1080 3421 lenitatis
1097 3369 1225 3437 pateruae

100 3452 195 3507 solacia
295 3454 491 3525 oppouiaturO
586 3438 680 3508 ‘ldrTos
692 3454 900 3526 reposcanturC
996 3453 1073 3507 nobis
1085 3454 1188 3508 orn.'P¹

100 3523 210 3595 saddo‘
222 3540 245 3596 0
255 3540 303 3595 aed
316 3556 362 3595 aa.
378 3526 394 3593 l'.
511 3526 710 3594 9admonem'ur
722 3555 756 3593 ecc
769 3541 797 3591 et
808 3540 1021 3595 admonenturo
1117 3542 1149 3592 ut
1160 3539 1224 3608 quia

103 3624 242 3696 C’LPQR
255 3627 341 3694 (conf.
351 3642 380 3695 p.
393 3627 514 3694 536,12),
527 3627 555 3679 ct
566 3626 630 3695 quia
646 3626 679 3680 0¹
781 3623 858 3679 nobis
869 3626 957 3680 hostis
971 3626 999 3690 0,
1012 3624 1099 3679 hostis
1112 3626 1156 3680 Ro

99 3708 269 3782 1ointra1‘in
283 3712 337 3777 ΟΒ,
351 3713 422 3766 inter
435 3711 463 3765 P
529 3715 556 3765 ct
568 3728 617 3768 om.
631 3729 655 3776 o,
673 3712 705 3764 ut
719 3712 742 3765 0
809 3712 843 3765 13
855 3712 964 3781 collegis
976 3728 1010 3765 eor
1021 3712 1155 3781 collegeras
1170 3714 1193 3765 0

98 3794 267 3882 &iurgante
280 3797 307 3853 R
382 3796 498 3867 putabat
513 3798 543 3867 Q,
557 3800 635 3866 putet
651 3783 703 3852 V''
755 3798 789 3852 15
800 3797 845 3851 illi
856 3797 894 3852 Μ
903 3798 962 3866 (ille
978 3797 1010 3867 Q)
1079 3798 1151 3852 diem
1164 3799 1191 3853 12

97 3878 147 3934 duo
160 3883 212 3953 uel]
222 3874 327 3953 'taetpit
338 3882 369 3938 F
434 3884 468 3938 16
480 3898 590 3937 censura
606 3885 638 3937 θ’
740 3883 933 3938 inhumanata
943 3886 1090 3938 inhumane
1101 3884 1166 3938 inc

99 3964 129 4019 ll
141 3968 267 4023 caritatis
278 3969 340 4039 FQ,
354 3970 466 4024 caritate
479 3970 502 4024 0
587 3968 778 4024 sollicitudinis
790 3969 853 4039 ΓΟ,
864 3969 1045 4024 sollicitudine
1061 3974 1084 4023 C
1163 3986 1225 4024 con·

98 4052 207 4107 ornabat
218 4054 254 4120 F,
268 4054 486 4125 congruebantQ
579 4056 612 4109 18
623 4054 782 4125 pertulimus
798 4055 821 4125 Q
842 4051 848 4060 ’
911 4055 955 4110 dic
968 4057 995 4110 R
1083 4056 1224 4126 adpropin-

98 4152 176 4205 quare
190 4140 242 4197 GR
345 4142 379 4195 19
396 4143 425 4195 et
440 4158 558 4211 pugnam
575 4142 618 4196 Po
719 4140 755 4195 20
772 4139 903 4194 diuinitas
917 4142 958 4205 θ’,
975 4141 1075 4195 scimus
1093 4141 1225 4196 diuinitus

101 4224 173 4279 codd.
191 4225 280 4281 Οωωι
382 4228 416 4281 21
429 4226 581 4281 ostenditur
594 4225 669 4295 OFQ
687 4225 816 4293 (ostendit
826 4227 873 4295 Μ)
975 4228 1034 4296 noe]
1052 4226 1129 4281 uobis
1146 4228 1169 4297 ρ

99 4311 283 4377 prouidentiae
294 4314 321 4366 ot
332 4313 526 4367 misericordiae
538 4313 577 4367 Μ
585 4310 765 4411 (prguidontia
776 4314 804 4365 et
816 4311 998 4366 misericordia
1013 4313 1047 4383 Q)
