3025 4967
303 364 369 430 556
711 370 857 424 Caecilii
874 372 1036 441 Cypriani

303 518 392 584 nobis
407 520 439 583 et
452 519 768 604 adpropinquantibus
783 528 816 589 et
831 544 906 607 quos
921 545 958 592 ex
972 528 1043 608 aliis
1057 530 1225 610 prouinciis
1244 530 1333 617 longe
1345 532 1420 615 posi·

303 621 346 685 tis
365 624 586 703 persecutionis
606 625 697 691 istius
718 628 809 692 ardor
830 628 1000 709 deiecerat,
1012 633 1083 696 ante
1098 634 1348 700 constitutionem
1361 635 1420 717 epi·

303 725 388 807 scopi
409 726 489 790 nihil
510 727 719 794 innouandum
737 730 929 812 putanimus,
950 734 1005 798 sed
1018 734 1175 815 lapsorum
1191 754 1298 801 cnrarn
1311 738 1420 802 medio-

302 827 398 893 criter
420 829 651 911 temperandam
676 850 741 897 esse
764 834 961 914 credidimus,
988 838 1026 901 nt
1039 837 1167 901 interim
1180 838 1257 903 dum
1271 839 1423 923 episcopus

302 930 371 995 dari
386 949 405 996 a
419 931 484 996 Deo
499 932 588 999 nobis
602 936 774 1001 sustinetur
787 936 821 1001 in
834 956 982 1021 suspenso
997 958 1104 1005 eorum
1119 941 1172 1022 qni
1186 958 1287 1005 moras
1301 942 1440 1025 possuntt

301 1032 462 1098 dilationis
485 1037 636 1101 sustinere
660 1056 753 1104 cause
775 1039 928 1119 teneatur,
951 1059 1057 1107 eornm
1080 1045 1185 1108 autem
1199 1062 1329 1126 quornm
1344 1046 1425 1110 uitae

302 1154 375 1201 snae
390 1136 483 1202 finem
498 1158 611 1221 urgens
625 1140 726 1206 exitus
741 1142 924 1209 dilationem
938 1163 998 1211 non
1011 1147 1116 1228 potest
1130 1145 1219 1225 ferre,
1242 1149 1311 1213 acta
1323 1149 1425 1233 paeni·
1495 1139 1496 1172 ¹

300 1239 401 1304 tentia
424 1239 456 1305 et
476 1241 612 1324 professa
635 1243 812 1327 frequenter
835 1265 962 1313 suorum
984 1249 1188 1315 detestatione
1213 1248 1376 1330 factorum,
1401 1252 1426 1316 si

297 1343 448 1421 lacrimis,
477 1344 504 1408 si
524 1346 703 1430 gemitibus,
730 1349 757 1414 si
777 1347 903 1416 fletibus
925 1351 1065 1417 dolentes
1086 1371 1122 1417 ac
1142 1371 1214 1418 uere
1237 1354 1425 1436 paenitentes

300 1455 398 1519 animi
419 1456 508 1538 signa
527 1453 738 1535 prodiderunt,
761 1472 834 1518 cum
853 1472 923 1537 spes
942 1456 1071 1521 uiuendi
1085 1458 1255 1522 secundnm
1269 1457 1451 1522 bominemu

301 1556 390 1623 nulla
415 1556 600 1636 substiterit,
626 1558 672 1622 ita
694 1559 820 1623 demum
842 1559 932 1623 caute
954 1560 987 1624 et
1009 1559 1144 1625 sollicite
1169 1560 1336 1637 subueniri,
1366 1561 1425 1625 Deo

300 1661 368 1744 ipso
383 1660 498 1726 sciente
512 1659 588 1742 quid
603 1658 640 1725 de
655 1661 773 1727 talibus
788 1661 885 1727 iaciat
898 1663 930 1727 et
942 1662 1075 1744 qualiter
1089 1661 1198 1727 iudicii
1212 1663 1262 1727 sni
1275 1663 1426 1728 examinet

217 1808 220 1815 -
299 1764 444 1846 pondera,
468 1761 556 1828 nobis
580 1763 685 1828 tamen
706 1765 795 1829 anxie
816 1764 998 1831 curantibus
1012 1768 1050 1831 nt
1062 1784 1121 1832 nec
1142 1784 1271 1848 pronam
1290 1769 1425 1832 nostram

299 1868 422 1952 inprobi
437 1868 576 1933 homines
591 1868 718 1934 laudent
732 1868 918 1934 facilitatem
929 1886 986 1933 nec
997 1887 1068 1934 uere
1081 1870 1273 1950 paenitentes
1287 1871 1425 1935 accusent

300 1974 438 2037 nostram
460 1972 549 2054 quasi
571 1972 682 2045 duram
707 1970 933 2037 crudelitatem.
959 1973 1102 2054 optamus
1123 1974 1165 2050 te,
1192 1971 1373 2037 beatissime
1394 1990 1450 2036 aec

301 2074 522 2157 gloriosissime
551 2092 640 2156 papa,
671 2091 791 2156 semper
819 2074 853 2138 in
878 2075 1013 2162 Domine·
1039 2075 1116 2139 bene
1144 2075 1249 2140 ualere
1275 2078 1307 2140 et
1332 2074 1424 2139 nostri

301 2194 489 2244 memrmsse.

349 2465 644 2535 ipersecutionibusB
716 2466 844 2520 »eiecerat
853 2466 892 2534 H,
905 2467 1019 2521 eiecerat
1028 2467 1129 2523 BLNo
1206 2466 1391 2521 icrcdimnsu

301 2552 381 2605 liine
394 2552 513 2606 BHLN
591 2548 734 2605 'dilatione
751 2553 776 2605 T
870 2552 923 2606 9si
934 2552 1043 2605 fletibus
1061 2569 1110 2607 orn.
1124 2553 1157 2606 H
1246 2552 1390 2607 dolentisu

302 2638 464 2707 paenitentia
483 2638 562 2701 LNo,
584 2638 750 2705 poenitentia
766 2639 791 2693 T
886 2638 920 2692 10
936 2638 1101 2707 prodiderint
1114 2638 1214 2692 BLNo
1313 2640 1347 2691 11
1364 2637 1421 2691 snb

302 2722 406 2776 stiterit
427 2724 459 2777 iu
480 2722 593 2777 subierit
614 2739 683 2777 corr.
704 2723 737 2776 N
833 2723 1022 2779 subuenireT
1118 2725 1151 2778 12
1172 2724 1226 2793 ipsi
1245 2723 1392 2778 scientiT

297 2809 369 2877 quod
382 2809 416 2875 Β,
430 2810 476 2878 qui
489 2810 523 2864 H
599 2809 774 2863 iudiciissnis
788 2810 815 2864 B
900 2812 934 2864 13
945 2811 1038 2865 ancxie
1049 2811 1119 2865 ΒΝι
1199 2811 1352 2864 curauimus
1365 2811 1391 2864 Β

302 2896 336 2949 14
348 2894 461 2949 laudant
472 2896 529 2949 ΒΤ
621 2896 655 2949 15
667 2898 730 2964 epto
742 2910 790 2948 uos
802 2895 901 2949 iratres
913 2896 1064 2950 beatissimi
1075 2912 1107 2950 ac
1118 2895 1309 2966 gloriosissimi
1322 2911 1418 2965 semper

300 2982 368 3035 bene
381 2982 470 3036 etcT
549 2982 582 3036 16
594 2981 623 3035 in
635 2980 741 3035 domino
753 2998 856 3051 semper
867 3000 891 3046 o,
909 3000 1011 3054 semper
1024 2983 1051 3037 R
1132 2983 1257 3037 etnostri
1268 2983 1417 3037 meminisse

298 3082 349 3121 om.
361 3066 395 3120 R.
409 3096 441 3105 —
455 3066 584 3136 Cypriane
597 3078 681 3135 papae
692 3050 756 3136 p'pr‘r
768 3070 796 3120 et
806 3051 952 3121 fflltomsc
964 3068 1140 3122 consistentes
1152 3068 1370 3136 (consistentibus
1381 3068 1420 3134 N)

297 3152 409 3221 explicit
417 3153 509 3217 ΠΝ,
521 3152 563 3206 Ad
573 3152 736 3222 cyprianum
744 3154 810 3207 cleri
819 3156 848 3207 et
855 3153 943 3223 plebis
952 3154 1130 3208 Romanorum
1142 3154 1381 3224 epistolacxplicit
1389 3152 1420 3216 Β,

297 3238 418 3308 Explicit
429 3238 464 3293 ud
475 3239 608 3293 &manos
623 3240 653 3303 T,
667 3256 716 3295 om.
730 3240 769 3294 H.
783 3268 816 3278 —
