3025 4967
668 329 815 385 Caecilii
838 330 999 397 Cypriani

501 588 863 699 EPISTVLA
897 586 1187 697 XXXVII.

284 792 484 847 CXPBIANVS
501 791 608 849 norsl
621 792 664 844 ET
677 791 822 846 maximo
838 790 1081 845 PRESBI'I'EBIS
1098 791 1142 844 h'I'
1157 789 1305 845 cs'rsms
1322 788 1406 845 0οΝ-

613 877 826 931 Fassofflar's
844 877 1041 931 FRATRIBXS
1057 878 1084 931 S.

256 1056 269 1117 1
325 1054 366 1117 Et
386 1056 511 1117 cunctos
533 1070 588 1115 uos
610 1050 726 1132 pariter
746 1052 779 1113 et
799 1049 939 1134 singulos
965 1048 1206 1131 repraesentauit
1230 1048 1407 1113 adfectibus

282 1156 404 1233 nostris,
428 1155 537 1219 fratres
557 1153 719 1229 carissimi,
744 1150 901 1217 Celerinus
922 1151 1098 1233 adueniens,
1124 1152 1195 1216 fidei
1215 1172 1251 1217 ac
1272 1152 1426 1216 uirtutiss

285 1260 405 1322 uestrae
426 1276 527 1323 comes
543 1262 574 1322 et
589 1258 731 1341 glorIosis
751 1257 964 1340 congressibus
979 1256 1036 1320 Dei
1052 1256 1152 1319 miles.
1176 1256 1335 1320 uniuersos
1350 1273 1407 1318 uos

283 1366 316 1425 in
331 1362 385 1425 illo
401 1363 542 1425 ueniente
557 1360 780 1441 conspeximus,
800 1363 832 1423 et
846 1378 918 1423 cum
932 1360 1093 1423 caritatem
1109 1360 1190 1423 circa
1204 1379 1255 1423 me
1269 1360 1407 1423 uestram

284 1462 416 1529 dulciter
430 1484 464 1527 ac
480 1484 569 1545 saepe
584 1464 770 1545 loqueretur,
786 1462 819 1527 in
834 1463 899 1527 eius
915 1463 1107 1528 sermonibus
1121 1481 1179 1526 uos
1191 1462 1404 1527 audiebamus

284 1566 361 1631 satis
371 1586 406 1631 ac
418 1567 587 1650 plurimum
603 1567 721 1651 gaudeo
733 1567 852 1647 quando
863 1566 978 1631 anobis
992 1587 1048 1649 per
1061 1566 1140 1630 tales
1156 1567 1232 1630 talia
1245 1566 1407 1647 perferun-

283 1672 343 1732 tur.
360 1670 520 1734 uobiscmn
531 1668 598 1733 illic
609 1670 641 1733 in
653 1688 772 1733 carcere
786 1671 920 1750 quodam
933 1669 1025 1733 modo
1036 1672 1068 1733 et
1078 1686 1133 1732 nos
1147 1687 1264 1746 sumus,
1280 1669 1404 1733 diuinae
1415 1688 1436 1725 n

284 1770 471 1855 dignationis
498 1776 678 1837 ornamenta
704 1773 863 1836 uobiscum
891 1774 1005 1837 sentire
1029 1790 1084 1835 nos
1109 1773 1261 1837 credimus
1282 1774 1338 1853 qui
1361 1773 1406 1834 sic

285 1875 397 1940 uestris
418 1874 560 1941 cordibus
576 1875 778 1940 adhaeremus.
799 1875 906 1939 honori
921 1895 976 1940 nos
991 1878 1094 1939 uestro
1108 1876 1222 1940 caritas
1236 1876 1341 1939 uestra
1355 1876 1405 1938 in-

284 1976 413 2042 diuidua
428 1978 570 2055 conectit,
586 1980 720 2060 separari
735 1977 933 2043 dilectionem
948 1978 1076 2059 spiritus
1091 1996 1150 2042 non
1166 1978 1251 2041 sinit.
1267 1997 1323 2043 uos
1337 1977 1405 2042 illie

284 2080 440 2157 confessio,
464 2100 514 2145 me
536 2081 668 2145 adfectio
690 2081 831 2145 includit.
861 2083 893 2145 et
907 2100 963 2145 nos
985 2080 1108 2162 quidem
1129 2080 1226 2145 uestri
1246 2080 1355 2144 diebus
1369 2099 1405 2145 ao

284 2184 425 2247 noctibus
445 2203 604 2261 memores,
626 2188 657 2248 et
672 2186 792 2266 quaudo
806 2184 839 2249 in
854 2183 1014 2249 sacrificiis
1036 2203 1157 2265 precem
1177 2203 1247 2247 cum
1262 2183 1404 2265 pluribus
1413 2204 1434 2241 s

284 2285 415 2351 facimus
436 2291 467 2351 et
487 2307 557 2351 cum
572 2288 603 2351 in
619 2307 738 2352 secessu
760 2288 893 2369 priuatis
914 2288 1055 2370 precibus
1076 2306 1208 2365 oramus,
1231 2286 1351 2351 coronis
1371 2305 1405 2350 ae

286 2388 430 2454 laudibus
454 2392 565 2455 uestris
587 2391 711 2473 plenam
726 2392 853 2456 Domini
877 2390 1045 2456 fauentium
1067 2390 1268 2471 postulamus.
1292 2389 1347 2453 sed
1366 2388 1405 2452 ad

283 2492 470 2557 reddendam
491 2494 579 2558 uobis
599 2494 701 2558 uicem
721 2494 822 2560 minor
843 2498 891 2559 est
912 2496 1017 2558 nostra
1036 2494 1242 2558 mediocritas.
1265 2494 1336 2574 plus
1351 2510 1405 2556 uos

284 2596 365 2659 detis
387 2598 507 2678 quando
530 2598 627 2662 nostri
649 2598 681 2663 in
702 2598 840 2663 oratione
863 2600 1061 2675 meministis,
1087 2598 1141 2681 qui
1163 2599 1320 2680 sperantes
1343 2597 1404 2659 iam

283 2700 348 2764 sole
367 2702 511 2766 caelestia
532 2703 563 2765 et
583 2704 706 2766 tantum
727 2701 834 2767 diuina
854 2702 1047 2778 meditantes
1069 2702 1108 2767 ad
1128 2701 1255 2783 fastigia
1275 2700 1434 2765 celsiores

284 2822 370 2869 mora
390 2806 456 2886 ipsa
475 2806 626 2887 passionis
646 2806 810 2885 ascenditis
824 2808 975 2891 longoque
989 2810 1164 2889 temporum
1179 2805 1275 2869 ductu
1288 2803 1404 2887 glorias

284 2912 402 2973 uestras
417 2926 477 2972 non
491 2909 627 2989 trahitis
644 2910 697 2974 sed
712 2911 844 2995 augetIs.
865 2912 992 2976 beatum
1007 2910 1082 2975 facit
1096 2911 1196 2991 prima
1211 2910 1242 2973 et
1258 2928 1319 2971 una
1334 2924 1403 2971 cou-

285 3014 385 3078 fessio.
406 3030 461 3077 uos
479 3014 593 3078 totiens
609 3014 796 3080 confitemini
812 3014 953 3098 quotiens
968 3014 1069 3097 rogati
1084 3014 1119 3077 ut
1136 3013 1172 3077 de
1188 3028 1306 3075 earcere
1321 3028 1403 3075 rece

337 3216 422 3284 Epist.
441 3216 577 3271 XXXVII.
597 3244 626 3257 -
648 3217 748 3287 Incipit
766 3218 863 3287 quibas
880 3218 1034 3287 supraLN,
1054 3217 1155 3284 Incipit
1167 3214 1201 3268 ad
1212 3214 1317 3267 eosdem
1334 3210 1405 3275 (feli-

287 3304 354 3357 citer
366 3302 429 3357 add.
448 3304 480 3371 G)
497 3302 552 3365 GR,
572 3302 674 3371 Incipit
692 3303 810 3357 eiusdem
827 3305 942 3357 secunda
954 3304 985 3373 Q,
1004 3303 1106 3369 IncipIt
1117 3301 1152 3355 ad
1162 3300 1272 3369 Moysen
1282 3300 1311 3350 et
1322 3296 1405 3350 blaxi-

288 3404 361 3443 mum
379 3389 564 3457 presbyterum
582 3388 614 3442 de
632 3390 795 3445 confessione
812 3406 902 3443 eomm
920 3391 953 3444 P.
972 3420 1005 3429 —
1022 3388 1124 3443 amosi
1142 3386 1195 3455 LQ
1270 3383 1405 3469 presbyte-

287 3490 375 3529 rorum
394 3476 420 3529 L
501 3474 680 3529 confratribus
698 3477 731 3530 N
744 3475 949 3544 (confessoribus
966 3478 1028 3540 om.)
1108 3474 1125 3525 3
1143 3474 1238 3525 haeres
1255 3470 1286 3523 in
1301 3468 1354 3522 dno
1371 3467 1405 3528 B,

287 3561 316 3614 iu
328 3545 488 3615 dffifrstres
502 3561 525 3616 O
542 3561 601 3628 (sed
612 3577 682 3615 corr.
696 3561 826 3615 fratribus
837 3580 872 3617 m.
886 3565 919 3629 2)
986 3563 1005 3614 4
1021 3560 1137 3628 singulis
1156 3557 1339 3625 praesentabit
1351 3555 1375 3609 G
1396 3588 1403 3603 .

286 3646 372 3701 aare
393 3647 422 3711 o,
441 3652 468 3702 e
485 3648 582 3704 suere
667 3648 770 3702 unaue
787 3631 881 3702 uffo
972 3650 990 3701 e
1007 3643 1235 3715 congressionibus
1255 3640 1374 3710 osone

289 3748 336 3786 nos
354 3748 388 3787 ex
406 3748 465 3786 suos
484 3734 511 3787 L
608 3730 675 3788 'Ide
692 3734 805 3793 caritate
823 3734 959 3800 (claritate
981 3732 1099 3802 Olcircs
1116 3747 1157 3784 me
1175 3730 1267 3783 uestra
1287 3727 1338 3791 GR

288 3818 411 3886 Bsepius
433 3818 481 3873 GR
549 3836 596 3873 nos
614 3823 708 3874 01110
781 3820 935 3889 banchis]
953 3819 1030 3872 nobis
1047 3818 1076 3871 P
1142 3817 1175 3871 11
1192 3814 1344 3868 ortamenta
1364 3811 1407 3873 0¹,

287 3904 457 3957 hortamenta
477 3904 543 3960 0²1¹
557 3905 615 3973 (sed
632 3910 696 3960 teste
717 3906 803 3960 Oxou.
822 3906 978 3958 ornamenta
998 3904 1034 3972 V)
1109 3904 1143 3955 12
1161 3902 1330 3955 inhaeremus
1347 3897 1376 3950 P

288 3989 321 4041 13
338 3988 471 4042 conuectis
489 3988 517 4045 R
602 3990 691 4059 illie
778 3990 810 4043 14
827 3990 951 4058 adfectio]
969 3989 1087 4043 adflictio
1106 3988 1133 4041 L
1217 3983 1353 4039 ooncludit
1373 3983 1409 4052 ρ’

288 4075 414 4141 <meruere
434 4076 516 4145 on)
608 4078 640 4130 15
657 4077 685 4129 u
703 4076 799 4131 ono
884 4076 916 4130 lo
933 4078 973 4143 aer
991 4078 1018 4128 es
1035 4075 1063 4127 P
1149 4074 1180 4126 11
1198 4056 1256 4126 effi
1270 4071 1336 4126 osv

289 4163 321 4217 19
340 4164 473 4231 spirantes
491 4162 574 4218 P¹Vo
657 4162 692 4216 20
709 4162 804 4216 celsior
821 4162 855 4216 ad
872 4163 965 4216 horam
982 4161 1113 4231 ipsamG
1195 4158 1230 4212 22
1248 4155 1409 4211 subtrahitis

208 4306 212 4315 ,
293 4249 354 4305 01³²
422 4250 456 4303 23
473 4248 636 4303 101121εωί111
654 4250 778 4318 quotiens
795 4248 861 4303 add.
878 4264 913 4302 m.
931 4251 951 4302 2
969 4248 996 4301 L
