<?xml version="1.0" encoding="UTF-8"?>
<!DOCTYPE html PUBLIC "-//W3C//DTD XHTML 1.0 Transitional//EN"
    "http://www.w3.org/TR/xhtml1/DTD/xhtml1-transitional.dtd">
<html xmlns="http://www.w3.org/1999/xhtml" xml:lang="en" lang="en">
 <head>
  <title>
</title>
<meta http-equiv="Content-Type" content="text/html;charset=utf-8" />
  <meta name='ocr-system' content='tesseract 3.04.00' />
  <meta name='ocr-capabilities' content='ocr_page ocr_carea ocr_par ocr_line ocrx_word'/>
</head>
<body>
  <div class='ocr_page' id='page_1' title='image "./corpusscriptoru16wissgoog_0665.png"; bbox 0 0 3025 4967; ppageno 0'>
   <div class='ocr_carea' id='block_1_1' title="bbox 448 397 1207 470">
    <p class='ocr_par' dir='ltr' id='par_1_1' title="bbox 448 397 1207 470">
     <span class='ocr_line' id='line_1_1' title="bbox 448 397 1207 470; baseline 0.004 -20"><span class='ocrx_word' id='word_1_1' title='bbox 448 397 607 466; x_wconf 76' lang='lat' dir='ltr'><strong>Epistula</strong></span> <span class='ocrx_word' id='word_1_2' title='bbox 625 397 856 452; x_wconf 84' lang='lat' dir='ltr'>VIII-VIIII.</span> <span class='ocrx_word' id='word_1_3' title='bbox 1142 404 1207 470; x_wconf 81' lang='grc'><strong>489</strong></span> 
     </span>
    </p>
   </div>
   <div class='ocr_carea' id='block_1_2' title="bbox 66 553 1210 1058">
    <p class='ocr_par' dir='ltr' id='par_1_2' title="bbox 66 553 1210 1058">
     <span class='ocr_line' id='line_1_2' title="bbox 85 553 1206 640; baseline 0.001 -20"><span class='ocrx_word' id='word_1_4' title='bbox 85 576 104 620; x_wconf 91' lang='lat' dir='ltr'><strong>a</strong></span> <span class='ocrx_word' id='word_1_5' title='bbox 126 553 215 618; x_wconf 91' lang='lat' dir='ltr'><strong>nobis</strong></span> <span class='ocrx_word' id='word_1_6' title='bbox 236 553 357 620; x_wconf 77' lang='lat' dir='ltr'><strong>litteras</strong></span> <span class='ocrx_word' id='word_1_7' title='bbox 379 553 419 618; x_wconf 90' lang='lat' dir='ltr'><strong>ad</strong></span> <span class='ocrx_word' id='word_1_8' title='bbox 440 573 491 619; x_wconf 89' lang='lat' dir='ltr'><strong>rne</strong></span> <span class='ocrx_word' id='word_1_9' title='bbox 512 554 624 618; x_wconf 90' lang='lat' dir='ltr'><strong>missas</strong></span> <span class='ocrx_word' id='word_1_10' title='bbox 645 573 699 637; x_wconf 91' lang='lat' dir='ltr'><strong>per</strong></span> <span class='ocrx_word' id='word_1_11' title='bbox 721 553 931 620; x_wconf 86' lang='lat' dir='ltr'><strong>Oromentium</strong></span> <span class='ocrx_word' id='word_1_12' title='bbox 952 555 1206 640; x_wconf 71' lang='lat' dir='ltr'>hypodiaconum,</span> 
     </span>
     <span class='ocr_line' id='line_1_3' title="bbox 85 657 1208 741; baseline 0.003 -19"><span class='ocrx_word' id='word_1_13' title='bbox 85 659 194 740; x_wconf 86' lang='lat' dir='ltr'><strong>quibus</strong></span> <span class='ocrx_word' id='word_1_14' title='bbox 215 657 391 740; x_wconf 90' lang='lat' dir='ltr'><strong>plenissime</strong></span> <span class='ocrx_word' id='word_1_15' title='bbox 413 657 450 721; x_wconf 90' lang='lat' dir='ltr'><strong>de</strong></span> <span class='ocrx_word' id='word_1_16' title='bbox 464 657 597 740; x_wconf 87' lang='lat' dir='ltr'><strong>glorioso</strong></span> <span class='ocrx_word' id='word_1_17' title='bbox 619 658 685 722; x_wconf 91' lang='lat' dir='ltr'><strong>eius</strong></span> <span class='ocrx_word' id='word_1_18' title='bbox 708 659 792 724; x_wconf 84' lang='lat' dir='ltr'><strong>exitu</strong></span> <span class='ocrx_word' id='word_1_19' title='bbox 814 659 991 741; x_wconf 89' lang='lat' dir='ltr'><strong>instruerer,</strong></span> <span class='ocrx_word' id='word_1_20' title='bbox 1016 662 1048 724; x_wconf 90' lang='lat' dir='ltr'><strong>et</strong></span> <span class='ocrx_word' id='word_1_21' title='bbox 1069 661 1208 725; x_wconf 82' lang='lat' dir='ltr'><strong>exultaui</strong></span> 
     </span>
     <span class='ocr_line' id='line_1_4' title="bbox 85 759 1208 843; baseline 0.001 -18"><span class='ocrx_word' id='word_1_22' title='bbox 85 762 161 825; x_wconf 89' lang='lat' dir='ltr'><strong>satis</strong></span> <span class='ocrx_word' id='word_1_23' title='bbox 187 759 268 843; x_wconf 90' lang='lat' dir='ltr'><strong>quod</strong></span> <span class='ocrx_word' id='word_1_24' title='bbox 294 777 349 842; x_wconf 91' lang='lat' dir='ltr'><strong>pro</strong></span> <span class='ocrx_word' id='word_1_25' title='bbox 380 760 559 842; x_wconf 85' lang='lat' dir='ltr'><strong>integritate</strong></span> <span class='ocrx_word' id='word_1_26' title='bbox 585 760 864 826; x_wconf 79' lang='lat' dir='ltr'><strong>administrationis</strong></span> <span class='ocrx_word' id='word_1_27' title='bbox 889 762 955 826; x_wconf 89' lang='lat' dir='ltr'><strong>eius</strong></span> <span class='ocrx_word' id='word_1_28' title='bbox 984 763 1208 828; x_wconf 89' lang='lat' dir='ltr'><strong>consummatio</strong></span> 
     </span>
     <span class='ocr_line' id='line_1_5' title="bbox 84 863 1208 950; baseline 0.001 -23"><span class='ocrx_word' id='word_1_29' title='bbox 84 881 205 946; x_wconf 89' lang='lat' dir='ltr'><strong>quoque</strong></span> <span class='ocrx_word' id='word_1_30' title='bbox 224 863 350 929; x_wconf 86' lang='lat' dir='ltr'><strong>honesta</strong></span> <span class='ocrx_word' id='word_1_31' title='bbox 364 864 554 945; x_wconf 86' lang='lat' dir='ltr'><strong>processerit.</strong></span> <span class='ocrx_word' id='word_1_32' title='bbox 592 864 625 928; x_wconf 93' lang='lat' dir='ltr'><strong>in</strong></span> <span class='ocrx_word' id='word_1_33' title='bbox 640 882 699 946; x_wconf 92' lang='lat' dir='ltr'><strong>quo</strong></span> <span class='ocrx_word' id='word_1_34' title='bbox 715 865 804 929; x_wconf 89' lang='lat' dir='ltr'><strong>uobis</strong></span> <span class='ocrx_word' id='word_1_35' title='bbox 819 884 937 948; x_wconf 87' lang='lat' dir='ltr'><strong>quoque</strong></span> <span class='ocrx_word' id='word_1_36' title='bbox 952 865 1122 946; x_wconf 88' lang='lat' dir='ltr'><strong>plurimum</strong></span> <span class='ocrx_word' id='word_1_37' title='bbox 1137 885 1208 950; x_wconf 87' lang='lat' dir='ltr'><strong>gre-</strong></span> 
     </span>
     <span class='ocr_line' id='line_1_6' title="bbox 66 965 1210 1058; baseline 0.006 -31"><span class='ocrx_word' id='word_1_38' title='bbox 66 966 171 1030; x_wconf 79' lang='lat' dir='ltr'><strong>rtulor</strong></span> <span class='ocrx_word' id='word_1_39' title='bbox 185 965 264 1058; x_wconf 82' lang='lat' dir='ltr'><strong>quod</strong></span> <span class='ocrx_word' id='word_1_40' title='bbox 280 968 345 1032; x_wconf 91' lang='lat' dir='ltr'><strong>eius</strong></span> <span class='ocrx_word' id='word_1_41' title='bbox 357 967 539 1032; x_wconf 89' lang='lat' dir='ltr'><strong>memoriam</strong></span> <span class='ocrx_word' id='word_1_42' title='bbox 554 969 619 1032; x_wconf 89' lang='lat' dir='ltr'><strong>tam</strong></span> <span class='ocrx_word' id='word_1_43' title='bbox 636 969 747 1033; x_wconf 89' lang='lat' dir='ltr'><strong>eelebri</strong></span> <span class='ocrx_word' id='word_1_44' title='bbox 763 971 795 1034; x_wconf 91' lang='lat' dir='ltr'><strong>et</strong></span> <span class='ocrx_word' id='word_1_45' title='bbox 809 969 934 1034; x_wconf 88' lang='lat' dir='ltr'><strong>inlustri</strong></span> <span class='ocrx_word' id='word_1_46' title='bbox 948 970 1124 1034; x_wconf 85' lang='lat' dir='ltr'><strong>testimonio</strong></span> <span class='ocrx_word' id='word_1_47' title='bbox 1138 987 1210 1053; x_wconf 89' lang='lat' dir='ltr'><strong>pro·</strong></span> 
     </span>
    </p>
   </div>
   <div class='ocr_carea' id='block_1_3' title="bbox 54 1071 1327 2788">
    <p class='ocr_par' dir='ltr' id='par_1_3' title="bbox 83 1071 1212 1465">
     <span class='ocr_line' id='line_1_7' title="bbox 85 1071 1211 1155; baseline 0.004 -23"><span class='ocrx_word' id='word_1_48' title='bbox 85 1071 268 1150; x_wconf 85' lang='lat' dir='ltr'><strong>sequamini,</strong></span> <span class='ocrx_word' id='word_1_49' title='bbox 284 1072 320 1135; x_wconf 89' lang='lat' dir='ltr'><strong>ut</strong></span> <span class='ocrx_word' id='word_1_50' title='bbox 335 1089 389 1152; x_wconf 90' lang='lat' dir='ltr'><strong>per</strong></span> <span class='ocrx_word' id='word_1_51' title='bbox 400 1089 455 1135; x_wconf 91' lang='lat' dir='ltr'><strong>uos</strong></span> <span class='ocrx_word' id='word_1_52' title='bbox 469 1072 671 1138; x_wconf 78' lang='lat' dir='ltr'><strong>innotesceret</strong></span> <span class='ocrx_word' id='word_1_53' title='bbox 690 1073 779 1137; x_wconf 90' lang='lat' dir='ltr'><strong>nobis</strong></span> <span class='ocrx_word' id='word_1_54' title='bbox 794 1073 875 1155; x_wconf 90' lang='lat' dir='ltr'><strong>quod</strong></span> <span class='ocrx_word' id='word_1_55' title='bbox 889 1075 921 1137; x_wconf 91' lang='lat' dir='ltr'><strong>et</strong></span> <span class='ocrx_word' id='word_1_56' title='bbox 936 1073 1024 1137; x_wconf 91' lang='lat' dir='ltr'><strong>uobis</strong></span> <span class='ocrx_word' id='word_1_57' title='bbox 1038 1074 1119 1138; x_wconf 89' lang='lat' dir='ltr'><strong>esset</strong></span> <span class='ocrx_word' id='word_1_58' title='bbox 1129 1074 1211 1138; x_wconf 89' lang='lat' dir='ltr'><strong>circa</strong></span> 
     </span>
     <span class='ocr_line' id='line_1_8' title="bbox 84 1173 1209 1259; baseline 0.004 -24"><span class='ocrx_word' id='word_1_59' title='bbox 84 1173 252 1253; x_wconf 78' lang='lat' dir='ltr'><strong>praepositi</strong></span> <span class='ocrx_word' id='word_1_60' title='bbox 266 1175 448 1239; x_wconf 89' lang='lat' dir='ltr'><strong>memoriam</strong></span> <span class='ocrx_word' id='word_1_61' title='bbox 470 1175 639 1258; x_wconf 87' lang='lat' dir='ltr'><strong>gloriosum</strong></span> <span class='ocrx_word' id='word_1_62' title='bbox 654 1177 685 1240; x_wconf 89' lang='lat' dir='ltr'><strong>et</strong></span> <span class='ocrx_word' id='word_1_63' title='bbox 698 1177 788 1241; x_wconf 92' lang='lat' dir='ltr'><strong>nobis</strong></span> <span class='ocrx_word' id='word_1_64' title='bbox 810 1195 929 1259; x_wconf 88' lang='lat' dir='ltr'><strong>quoque</strong></span> <span class='ocrx_word' id='word_1_65' title='bbox 943 1177 1015 1240; x_wconf 84' lang='lat' dir='ltr'><strong>fidei</strong></span> <span class='ocrx_word' id='word_1_66' title='bbox 1030 1196 1066 1242; x_wconf 89' lang='lat' dir='ltr'><strong>ac</strong></span> <span class='ocrx_word' id='word_1_67' title='bbox 1081 1177 1209 1241; x_wconf 88' lang='lat' dir='ltr'><strong>uirtutis</strong></span> 
     </span>
     <span class='ocr_line' id='line_1_9' title="bbox 83 1274 1210 1360; baseline 0.006 -22"><span class='ocrx_word' id='word_1_68' title='bbox 83 1274 244 1356; x_wconf 88' lang='lat' dir='ltr'><strong>praeberet</strong></span> <span class='ocrx_word' id='word_1_69' title='bbox 273 1277 456 1359; x_wconf 82' lang='lat' dir='ltr'><strong>exemplum.</strong></span> <span class='ocrx_word' id='word_1_70' title='bbox 493 1297 566 1342; x_wconf 89' lang='lat' dir='ltr'><strong>nam</strong></span> <span class='ocrx_word' id='word_1_71' title='bbox 597 1279 750 1360; x_wconf 89' lang='lat' dir='ltr'><strong>quantum</strong></span> <span class='ocrx_word' id='word_1_72' title='bbox 772 1279 941 1359; x_wconf 89' lang='lat' dir='ltr'><strong>peruiciosa</strong></span> <span class='ocrx_word' id='word_1_73' title='bbox 961 1299 1010 1344; x_wconf 89' lang='lat' dir='ltr'><strong>res</strong></span> <span class='ocrx_word' id='word_1_74' title='bbox 1032 1279 1079 1343; x_wconf 90' lang='lat' dir='ltr'><strong>est</strong></span> <span class='ocrx_word' id='word_1_75' title='bbox 1100 1279 1140 1344; x_wconf 90' lang='lat' dir='ltr'><strong>ad</strong></span> <span class='ocrx_word' id='word_1_76' title='bbox 1161 1298 1210 1345; x_wconf 92' lang='lat' dir='ltr'><strong>se-</strong></span> 
     </span>
     <span class='ocr_line' id='line_1_10' title="bbox 84 1379 1212 1465; baseline 0.003 -21"><span class='ocrx_word' id='word_1_77' title='bbox 84 1379 247 1460; x_wconf 90' lang='lat' dir='ltr'><strong>quentium</strong></span> <span class='ocrx_word' id='word_1_78' title='bbox 260 1381 382 1462; x_wconf 88' lang='lat' dir='ltr'><strong>lapsum</strong></span> <span class='ocrx_word' id='word_1_79' title='bbox 397 1381 486 1446; x_wconf 88' lang='lat' dir='ltr'><strong>ruina</strong></span> <span class='ocrx_word' id='word_1_80' title='bbox 508 1383 685 1465; x_wconf 86' lang='lat' dir='ltr'><strong>praepositi,</strong></span> <span class='ocrx_word' id='word_1_81' title='bbox 708 1383 741 1447; x_wconf 93' lang='lat' dir='ltr'><strong>in</strong></span> <span class='ocrx_word' id='word_1_82' title='bbox 756 1384 879 1447; x_wconf 88' lang='lat' dir='ltr'><strong>tantum</strong></span> <span class='ocrx_word' id='word_1_83' title='bbox 898 1385 1003 1448; x_wconf 91' lang='lat' dir='ltr'><strong>contra</strong></span> <span class='ocrx_word' id='word_1_84' title='bbox 1018 1384 1095 1448; x_wconf 91' lang='lat' dir='ltr'><strong>utils</strong></span> <span class='ocrx_word' id='word_1_85' title='bbox 1111 1386 1159 1448; x_wconf 89' lang='lat' dir='ltr'><strong>est</strong></span> <span class='ocrx_word' id='word_1_86' title='bbox 1180 1385 1212 1448; x_wconf 89' lang='lat' dir='ltr'><strong>et</strong></span> 
     </span>
    </p>

    <p class='ocr_par' dir='ltr' id='par_1_4' title="bbox 55 1483 1212 1652">
     <span class='ocr_line' id='line_1_11' title="bbox 55 1483 1212 1568; baseline 0.004 -22"><span class='ocrx_word' id='word_1_87' title='bbox 55 1483 223 1548; x_wconf 79' lang='lat' dir='ltr'><strong>resalutare</strong></span> <span class='ocrx_word' id='word_1_88' title='bbox 237 1503 308 1548; x_wconf 91' lang='lat' dir='ltr'><strong>cum</strong></span> <span class='ocrx_word' id='word_1_89' title='bbox 323 1503 355 1548; x_wconf 92' lang='lat' dir='ltr'><strong>se</strong></span> <span class='ocrx_word' id='word_1_90' title='bbox 370 1483 528 1566; x_wconf 88' lang='lat' dir='ltr'><strong>episcopus</strong></span> <span class='ocrx_word' id='word_1_91' title='bbox 544 1504 597 1568; x_wconf 92' lang='lat' dir='ltr'><strong>per</strong></span> <span class='ocrx_word' id='word_1_92' title='bbox 611 1485 843 1551; x_wconf 89' lang='lat' dir='ltr'><strong>firmamentum</strong></span> <span class='ocrx_word' id='word_1_93' title='bbox 863 1486 936 1551; x_wconf 88' lang='lat' dir='ltr'><strong>fidei</strong></span> <span class='ocrx_word' id='word_1_94' title='bbox 951 1485 1101 1552; x_wconf 85' lang='lat' dir='ltr'><strong>fratribus</strong></span> <span class='ocrx_word' id='word_1_95' title='bbox 1123 1505 1212 1568; x_wconf 87' lang='lat' dir='ltr'><strong>prae-</strong></span> 
     </span>
     <span class='ocr_line' id='line_1_12' title="bbox 87 1585 353 1652; baseline 0.004 -2"><span class='ocrx_word' id='word_1_96' title='bbox 87 1585 145 1650; x_wconf 89' lang='lat' dir='ltr'><strong>bet</strong></span> <span class='ocrx_word' id='word_1_97' title='bbox 159 1585 353 1652; x_wconf 84' lang='lat' dir='ltr'><strong>imitandum.</strong></span> 
     </span>
    </p>

    <p class='ocr_par' dir='ltr' id='par_1_5' title="bbox 87 1689 1242 1980">
     <span class='ocr_line' id='line_1_13' title="bbox 126 1689 1242 1776; baseline 0.005 -23"><span class='ocrx_word' id='word_1_98' title='bbox 126 1689 205 1772; x_wconf 80' lang='lat' dir='ltr'><strong>Legi</strong></span> <span class='ocrx_word' id='word_1_99' title='bbox 226 1691 321 1756; x_wconf 91' lang='lat' dir='ltr'><strong>etiam</strong></span> <span class='ocrx_word' id='word_1_100' title='bbox 341 1693 473 1772; x_wconf 86' lang='lat' dir='ltr'><strong>litteras,</strong></span> <span class='ocrx_word' id='word_1_101' title='bbox 496 1693 529 1757; x_wconf 94' lang='lat' dir='ltr'><strong>in</strong></span> <span class='ocrx_word' id='word_1_102' title='bbox 543 1693 655 1776; x_wconf 89' lang='lat' dir='ltr'><strong>quibus</strong></span> <span class='ocrx_word' id='word_1_103' title='bbox 669 1711 724 1758; x_wconf 90' lang='lat' dir='ltr'><strong>nec</strong></span> <span class='ocrx_word' id='word_1_104' title='bbox 738 1693 792 1776; x_wconf 92' lang='lat' dir='ltr'><strong>qui</strong></span> <span class='ocrx_word' id='word_1_105' title='bbox 815 1692 993 1776; x_wconf 85' lang='lat' dir='ltr'><strong>scripserint</strong></span> <span class='ocrx_word' id='word_1_106' title='bbox 1013 1710 1068 1757; x_wconf 86' lang='lat' dir='ltr'><strong>neo</strong></span> <span class='ocrx_word' id='word_1_107' title='bbox 1083 1691 1122 1756; x_wconf 93' lang='lat' dir='ltr'><strong>ad</strong></span> <span class='ocrx_word' id='word_1_108' title='bbox 1137 1697 1242 1774; x_wconf 69' lang='lat' dir='ltr'><strong>quest</strong></span> 
     </span>
     <span class='ocr_line' id='line_1_14' title="bbox 87 1792 1215 1880; baseline 0.003 -24"><span class='ocrx_word' id='word_1_109' title='bbox 87 1792 241 1874; x_wconf 87' lang='lat' dir='ltr'><strong>scriptum</strong></span> <span class='ocrx_word' id='word_1_110' title='bbox 269 1795 311 1858; x_wconf 90' lang='lat' dir='ltr'><strong>sit</strong></span> <span class='ocrx_word' id='word_1_111' title='bbox 340 1795 548 1880; x_wconf 80' lang='lat' dir='ltr'><strong>significanter</strong></span> <span class='ocrx_word' id='word_1_112' title='bbox 578 1815 753 1880; x_wconf 83' lang='lat' dir='ltr'><strong>expressum</strong></span> <span class='ocrx_word' id='word_1_113' title='bbox 786 1798 842 1862; x_wconf 90' lang='lat' dir='ltr'><strong>est.</strong></span> <span class='ocrx_word' id='word_1_114' title='bbox 888 1798 919 1862; x_wconf 90' lang='lat' dir='ltr'><strong>et</strong></span> <span class='ocrx_word' id='word_1_115' title='bbox 940 1797 1086 1878; x_wconf 88' lang='lat' dir='ltr'><strong>qnoniam</strong></span> <span class='ocrx_word' id='word_1_116' title='bbox 1107 1814 1158 1859; x_wconf 91' lang='lat' dir='ltr'><strong>me</strong></span> <span class='ocrx_word' id='word_1_117' title='bbox 1180 1796 1215 1859; x_wconf 93' lang='lat' dir='ltr'><strong>in</strong></span> 
     </span>
     <span class='ocr_line' id='line_1_15' title="bbox 89 1895 1214 1980; baseline 0.003 -22"><span class='ocrx_word' id='word_1_118' title='bbox 89 1895 192 1960; x_wconf 89' lang='lat' dir='ltr'><strong>isdem</strong></span> <span class='ocrx_word' id='word_1_119' title='bbox 217 1897 331 1963; x_wconf 90' lang='lat' dir='ltr'><strong>litteris</strong></span> <span class='ocrx_word' id='word_1_120' title='bbox 346 1900 377 1962; x_wconf 89' lang='lat' dir='ltr'><strong>et</strong></span> <span class='ocrx_word' id='word_1_121' title='bbox 392 1899 545 1980; x_wconf 88' lang='lat' dir='ltr'><strong>scriptura</strong></span> <span class='ocrx_word' id='word_1_122' title='bbox 560 1900 591 1964; x_wconf 89' lang='lat' dir='ltr'><strong>et</strong></span> <span class='ocrx_word' id='word_1_123' title='bbox 605 1917 711 1963; x_wconf 86' lang='lat' dir='ltr'><strong>sensus</strong></span> <span class='ocrx_word' id='word_1_124' title='bbox 726 1899 758 1962; x_wconf 90' lang='lat' dir='ltr'><strong>ot</strong></span> <span class='ocrx_word' id='word_1_125' title='bbox 773 1899 896 1964; x_wconf 86' lang='lat' dir='ltr'><strong>chartae</strong></span> <span class='ocrx_word' id='word_1_126' title='bbox 910 1898 994 1980; x_wconf 91' lang='lat' dir='ltr'><strong>ipsae</strong></span> <span class='ocrx_word' id='word_1_127' title='bbox 1015 1916 1133 1980; x_wconf 88' lang='lat' dir='ltr'><strong>quoque</strong></span> <span class='ocrx_word' id='word_1_128' title='bbox 1148 1915 1214 1961; x_wconf 92' lang='lat' dir='ltr'><strong>mo·</strong></span> 
     </span>
    </p>

    <p class='ocr_par' dir='ltr' id='par_1_6' title="bbox 58 2001 1327 2500">
     <span class='ocr_line' id='line_1_16' title="bbox 58 2001 1214 2083; baseline 0.002 -20"><span class='ocrx_word' id='word_1_129' title='bbox 58 2001 202 2064; x_wconf 79' lang='lat' dir='ltr'><strong>renenmt</strong></span> <span class='ocrx_word' id='word_1_130' title='bbox 216 2018 254 2065; x_wconf 89' lang='lat' dir='ltr'><strong>ne</strong></span> <span class='ocrx_word' id='word_1_131' title='bbox 268 2002 343 2083; x_wconf 93' lang='lat' dir='ltr'><strong>quid</strong></span> <span class='ocrx_word' id='word_1_132' title='bbox 357 2022 393 2066; x_wconf 85' lang='lat' dir='ltr'><strong>ex</strong></span> <span class='ocrx_word' id='word_1_133' title='bbox 408 2020 479 2067; x_wconf 90' lang='lat' dir='ltr'><strong>uero</strong></span> <span class='ocrx_word' id='word_1_134' title='bbox 495 2003 545 2067; x_wconf 89' lang='lat' dir='ltr'><strong>uel</strong></span> <span class='ocrx_word' id='word_1_135' title='bbox 567 2001 762 2068; x_wconf 88' lang='lat' dir='ltr'><strong>subtractum</strong></span> <span class='ocrx_word' id='word_1_136' title='bbox 784 2003 827 2067; x_wconf 90' lang='lat' dir='ltr'><strong>sit</strong></span> <span class='ocrx_word' id='word_1_137' title='bbox 847 2003 899 2067; x_wconf 91' lang='lat' dir='ltr'><strong>uel</strong></span> <span class='ocrx_word' id='word_1_138' title='bbox 920 2002 1121 2078; x_wconf 77' lang='lat' dir='ltr'><strong>inmutatum,</strong></span> <span class='ocrx_word' id='word_1_139' title='bbox 1144 2020 1214 2065; x_wconf 90' lang='lat' dir='ltr'><strong>ean-</strong></span> 
     </span>
     <span class='ocr_line' id='line_1_17' title="bbox 86 2103 1215 2190; baseline 0.001 -23"><span class='ocrx_word' id='word_1_140' title='bbox 86 2103 161 2168; x_wconf 85' lang='lat' dir='ltr'><strong>dem</strong></span> <span class='ocrx_word' id='word_1_141' title='bbox 183 2103 223 2168; x_wconf 89' lang='lat' dir='ltr'><strong>ad</strong></span> <span class='ocrx_word' id='word_1_142' title='bbox 244 2123 299 2169; x_wconf 89' lang='lat' dir='ltr'><strong>uos</strong></span> <span class='ocrx_word' id='word_1_143' title='bbox 320 2107 484 2189; x_wconf 88' lang='lat' dir='ltr'><strong>epistolam</strong></span> <span class='ocrx_word' id='word_1_144' title='bbox 505 2107 712 2172; x_wconf 84' lang='lat' dir='ltr'><strong>authenticam</strong></span> <span class='ocrx_word' id='word_1_145' title='bbox 735 2107 850 2184; x_wconf 79' lang='lat' dir='ltr'><strong>remisi,</strong></span> <span class='ocrx_word' id='word_1_146' title='bbox 873 2108 910 2170; x_wconf 93' lang='lat' dir='ltr'><strong>ut</strong></span> <span class='ocrx_word' id='word_1_147' title='bbox 932 2103 1155 2190; x_wconf 84' lang='lat' dir='ltr'><strong>recognoscatis</strong></span> <span class='ocrx_word' id='word_1_148' title='bbox 1175 2123 1215 2168; x_wconf 91' lang='lat' dir='ltr'><strong>an</strong></span> 
     </span>
     <span class='ocr_line' id='line_1_18' title="bbox 87 2205 1214 2294; baseline 0.002 -24"><span class='ocrx_word' id='word_1_149' title='bbox 87 2207 158 2288; x_wconf 88' lang='lat' dir='ltr'><strong>ipsa</strong></span> <span class='ocrx_word' id='word_1_150' title='bbox 178 2205 221 2271; x_wconf 90' lang='lat' dir='ltr'><strong>sit</strong></span> <span class='ocrx_word' id='word_1_151' title='bbox 236 2227 329 2289; x_wconf 86' lang='lat' dir='ltr'><strong>quam</strong></span> <span class='ocrx_word' id='word_1_152' title='bbox 345 2207 518 2276; x_wconf 72' lang='lat' dir='ltr'><strong>crementio</strong></span> <span class='ocrx_word' id='word_1_153' title='bbox 532 2211 740 2294; x_wconf 79' lang='lat' dir='ltr'><strong>hypodiacono</strong></span> <span class='ocrx_word' id='word_1_154' title='bbox 755 2209 968 2294; x_wconf 85' lang='lat' dir='ltr'><strong>perferendam</strong></span> <span class='ocrx_word' id='word_1_155' title='bbox 982 2209 1120 2274; x_wconf 89' lang='lat' dir='ltr'><strong>dedistis.</strong></span> <span class='ocrx_word' id='word_1_156' title='bbox 1144 2226 1214 2291; x_wconf 91' lang='lat' dir='ltr'><strong>per·</strong></span> 
     </span>
     <span class='ocr_line' id='line_1_19' title="bbox 89 2309 1214 2397; baseline -0.003 -21"><span class='ocrx_word' id='word_1_157' title='bbox 89 2329 183 2391; x_wconf 88' lang='lat' dir='ltr'><strong>quam</strong></span> <span class='ocrx_word' id='word_1_158' title='bbox 206 2311 320 2376; x_wconf 88' lang='lat' dir='ltr'><strong>etenim</strong></span> <span class='ocrx_word' id='word_1_159' title='bbox 343 2332 436 2396; x_wconf 86' lang='lat' dir='ltr'><strong>graue</strong></span> <span class='ocrx_word' id='word_1_160' title='bbox 458 2315 521 2392; x_wconf 80' lang='lat' dir='ltr'><strong>est,</strong></span> <span class='ocrx_word' id='word_1_161' title='bbox 545 2315 571 2378; x_wconf 92' lang='lat' dir='ltr'><strong>si</strong></span> <span class='ocrx_word' id='word_1_162' title='bbox 594 2315 744 2397; x_wconf 86' lang='lat' dir='ltr'><strong>epistulae</strong></span> <span class='ocrx_word' id='word_1_163' title='bbox 767 2313 896 2379; x_wconf 88' lang='lat' dir='ltr'><strong>clericae</strong></span> <span class='ocrx_word' id='word_1_164' title='bbox 917 2312 1033 2378; x_wconf 89' lang='lat' dir='ltr'><strong>ueritas</strong></span> <span class='ocrx_word' id='word_1_165' title='bbox 1054 2309 1214 2375; x_wconf 90' lang='lat' dir='ltr'><strong>mendacio</strong></span> 
     </span>
     <span class='ocr_line' id='line_1_20' title="bbox 91 2413 1327 2500; baseline -0.001 -22"><span class='ocrx_word' id='word_1_166' title='bbox 91 2413 196 2496; x_wconf 90' lang='lat' dir='ltr'><strong>aliquo</strong></span> <span class='ocrx_word' id='word_1_167' title='bbox 218 2415 249 2478; x_wconf 90' lang='lat' dir='ltr'><strong>et</strong></span> <span class='ocrx_word' id='word_1_168' title='bbox 264 2413 371 2480; x_wconf 85' lang='lat' dir='ltr'><strong>fraude</strong></span> <span class='ocrx_word' id='word_1_169' title='bbox 393 2419 537 2499; x_wconf 80' lang='lat' dir='ltr'><strong>cornupta</strong></span> <span class='ocrx_word' id='word_1_170' title='bbox 558 2418 614 2481; x_wconf 91' lang='lat' dir='ltr'><strong>est.</strong></span> <span class='ocrx_word' id='word_1_171' title='bbox 652 2418 708 2482; x_wconf 92' lang='lat' dir='ltr'><strong>hoc</strong></span> <span class='ocrx_word' id='word_1_172' title='bbox 723 2416 823 2500; x_wconf 86' lang='lat' dir='ltr'><strong>igitur</strong></span> <span class='ocrx_word' id='word_1_173' title='bbox 844 2417 880 2480; x_wconf 92' lang='lat' dir='ltr'><strong>ut</strong></span> <span class='ocrx_word' id='word_1_174' title='bbox 902 2415 979 2480; x_wconf 87' lang='lat' dir='ltr'><strong>seire</strong></span> <span class='ocrx_word' id='word_1_175' title='bbox 998 2413 1160 2497; x_wconf 83' lang='lat' dir='ltr'><strong>possimus,</strong></span> <span class='ocrx_word' id='word_1_176' title='bbox 1183 2413 1215 2478; x_wconf 92' lang='lat' dir='ltr'><strong>et</strong></span> <span class='ocrx_word' id='word_1_177' title='bbox 1325 2466 1327 2470; x_wconf 67' lang='grc'>,</span> 
     </span>
    </p>

    <p class='ocr_par' dir='ltr' id='par_1_7' title="bbox 54 2516 1217 2788">
     <span class='ocr_line' id='line_1_21' title="bbox 54 2516 1215 2602; baseline 0.003 -24"><span class='ocrx_word' id='word_1_178' title='bbox 54 2518 277 2600; x_wconf 75' lang='lat' dir='ltr'><strong>ascripturum</strong></span> <span class='ocrx_word' id='word_1_179' title='bbox 291 2518 322 2581; x_wconf 89' lang='lat' dir='ltr'><strong>et</strong></span> <span class='ocrx_word' id='word_1_180' title='bbox 337 2517 594 2602; x_wconf 85' lang='lat' dir='ltr'><strong>subscriptionem</strong></span> <span class='ocrx_word' id='word_1_181' title='bbox 614 2540 654 2584; x_wconf 91' lang='lat' dir='ltr'><strong>au</strong></span> <span class='ocrx_word' id='word_1_182' title='bbox 668 2521 772 2585; x_wconf 89' lang='lat' dir='ltr'><strong>uestra</strong></span> <span class='ocrx_word' id='word_1_183' title='bbox 786 2520 830 2585; x_wconf 92' lang='lat' dir='ltr'><strong>sit</strong></span> <span class='ocrx_word' id='word_1_184' title='bbox 843 2519 1048 2602; x_wconf 83' lang='lat' dir='ltr'><strong>recognoscite</strong></span> <span class='ocrx_word' id='word_1_185' title='bbox 1070 2517 1102 2580; x_wconf 91' lang='lat' dir='ltr'><strong>et</strong></span> <span class='ocrx_word' id='word_1_186' title='bbox 1126 2516 1215 2581; x_wconf 92' lang='lat' dir='ltr'><strong>nobis</strong></span> 
     </span>
     <span class='ocr_line' id='line_1_22' title="bbox 89 2619 1217 2705; baseline 0 -22"><span class='ocrx_word' id='word_1_187' title='bbox 89 2620 165 2701; x_wconf 90' lang='lat' dir='ltr'><strong>quid</strong></span> <span class='ocrx_word' id='word_1_188' title='bbox 186 2619 282 2684; x_wconf 93' lang='lat' dir='ltr'><strong>sitin</strong></span> <span class='ocrx_word' id='word_1_189' title='bbox 303 2638 374 2685; x_wconf 89' lang='lat' dir='ltr'><strong>uero</strong></span> <span class='ocrx_word' id='word_1_190' title='bbox 397 2623 565 2688; x_wconf 86' lang='lat' dir='ltr'><strong>rescribite.</strong></span> <span class='ocrx_word' id='word_1_191' title='bbox 601 2625 673 2705; x_wconf 91' lang='lat' dir='ltr'><strong>opto</strong></span> <span class='ocrx_word' id='word_1_192' title='bbox 688 2641 752 2700; x_wconf 86' lang='lat' dir='ltr'><strong>uos,</strong></span> <span class='ocrx_word' id='word_1_193' title='bbox 776 2623 888 2687; x_wconf 83' lang='lat' dir='ltr'><strong>iratres</strong></span> <span class='ocrx_word' id='word_1_194' title='bbox 910 2621 1072 2703; x_wconf 88' lang='lat' dir='ltr'><strong>carissimi,</strong></span> <span class='ocrx_word' id='word_1_195' title='bbox 1095 2638 1217 2702; x_wconf 91' lang='lat' dir='ltr'><strong>semper</strong></span> 
     </span>
     <span class='ocr_line' id='line_1_23' title="bbox 93 2722 296 2788; baseline 0.01 -2"><span class='ocrx_word' id='word_1_196' title='bbox 93 2722 169 2788; x_wconf 89' lang='lat' dir='ltr'><strong>bene</strong></span> <span class='ocrx_word' id='word_1_197' title='bbox 184 2725 296 2788; x_wconf 88' lang='lat' dir='ltr'><strong>ualere.</strong></span> 
     </span>
    </p>
   </div>
   <div class='ocr_carea' id='block_1_4' title="bbox 91 2943 1221 3962">
    <p class='ocr_par' dir='ltr' id='par_1_8' title="bbox 91 2943 1221 3962">
     <span class='ocr_line' id='line_1_24' title="bbox 140 2943 1217 3016; baseline -0.001 -17"><span class='ocrx_word' id='word_1_198' title='bbox 140 2949 155 3000; x_wconf 93' lang='lat'>1</span> <span class='ocrx_word' id='word_1_199' title='bbox 174 2962 190 2999; x_wconf 85' lang='lat' dir='ltr'><strong>a</strong></span> <span class='ocrx_word' id='word_1_200' title='bbox 208 2945 285 3000; x_wconf 89' lang='lat' dir='ltr'><strong>uobis</strong></span> <span class='ocrx_word' id='word_1_201' title='bbox 312 2947 401 3016; x_wconf 87' lang='lat' dir='ltr'><strong>accepi</strong></span> <span class='ocrx_word' id='word_1_202' title='bbox 420 2967 441 3000; x_wconf 85' lang='grc' dir='ltr'><strong><em>ω</em></strong></span> <span class='ocrx_word' id='word_1_203' title='bbox 512 2947 682 3002; x_wconf 83' lang='lat' dir='ltr'><strong>erimantium</strong></span> <span class='ocrx_word' id='word_1_204' title='bbox 705 2947 802 3002; x_wconf 84' lang='grc' dir='ltr'><em>ΕΙΜο</em></span> <span class='ocrx_word' id='word_1_205' title='bbox 882 2947 900 3001; x_wconf 84' lang='grc'>2</span> <span class='ocrx_word' id='word_1_206' title='bbox 921 2947 1067 3001; x_wconf 87' lang='lat' dir='ltr'><strong>instrueret</strong></span> <span class='ocrx_word' id='word_1_207' title='bbox 1085 2945 1148 3009; x_wconf 67' lang='grc' dir='ltr'><strong>Μ’,</strong></span> <span class='ocrx_word' id='word_1_208' title='bbox 1174 2943 1217 2998; x_wconf 91' lang='lat' dir='ltr'><strong>in-</strong></span> 
     </span>
     <span class='ocr_line' id='line_1_25' title="bbox 91 3031 1183 3102; baseline -0.003 -16"><span class='ocrx_word' id='word_1_209' title='bbox 91 3034 177 3086; x_wconf 86' lang='lat' dir='ltr'><strong>struar</strong></span> <span class='ocrx_word' id='word_1_210' title='bbox 189 3033 216 3087; x_wconf 85' lang='lat' dir='ltr'><em>T</em></span> <span class='ocrx_word' id='word_1_211' title='bbox 293 3032 311 3086; x_wconf 86' lang='lat'>4</span> <span class='ocrx_word' id='word_1_212' title='bbox 322 3047 425 3102; x_wconf 82' lang='lat' dir='ltr'><strong>quoque</strong></span> <span class='ocrx_word' id='word_1_213' title='bbox 439 3032 514 3088; x_wconf 90' lang='lat' dir='ltr'><strong>uobis</strong></span> <span class='ocrx_word' id='word_1_214' title='bbox 527 3050 543 3087; x_wconf 91' lang='grc' dir='ltr'><em>ο</em></span> <span class='ocrx_word' id='word_1_215' title='bbox 554 3033 601 3088; x_wconf 79' lang='lat' dir='ltr'><strong>sed</strong></span> <span class='ocrx_word' id='word_1_216' title='bbox 613 3049 717 3102; x_wconf 88' lang='lat' dir='ltr'><strong>qnoque</strong></span> <span class='ocrx_word' id='word_1_217' title='bbox 726 3051 746 3089; x_wconf 88' lang='lat' dir='ltr'><strong>s.</strong></span> <span class='ocrx_word' id='word_1_218' title='bbox 760 3035 777 3088; x_wconf 85' lang='grc'>1.</span> <span class='ocrx_word' id='word_1_219' title='bbox 790 3051 824 3088; x_wconf 85' lang='lat' dir='ltr'><strong>m.</strong></span> <span class='ocrx_word' id='word_1_220' title='bbox 842 3037 861 3089; x_wconf 82' lang='lat'><strong><em>2</em></strong></span> <span class='ocrx_word' id='word_1_221' title='bbox 946 3031 1104 3101; x_wconf 77' lang='lat' dir='ltr'><strong>ipropositi</strong></span> <span class='ocrx_word' id='word_1_222' title='bbox 1117 3031 1142 3084; x_wconf 84' lang='grc' dir='ltr'><em>Τ</em></span> <span class='ocrx_word' id='word_1_223' title='bbox 1146 3033 1153 3064; x_wconf 95' lang='lat'><strong>¹</strong></span> <span class='ocrx_word' id='word_1_224' title='bbox 1161 3050 1183 3083; x_wconf 87' lang='grc' dir='ltr'><strong><em>ω</em></strong></span> 
     </span>
     <span class='ocr_line' id='line_1_26' title="bbox 94 3117 1151 3188; baseline 0.001 -17"><span class='ocrx_word' id='word_1_225' title='bbox 94 3118 202 3172; x_wconf 91' lang='lat' dir='ltr'><strong>anobis</strong></span> <span class='ocrx_word' id='word_1_226' title='bbox 221 3117 289 3172; x_wconf 81' lang='lat' dir='ltr'><strong>E¹a</strong></span> <span class='ocrx_word' id='word_1_227' title='bbox 375 3120 510 3187; x_wconf 74' lang='lat' dir='ltr'><strong>liquant&gt;</strong></span> <span class='ocrx_word' id='word_1_228' title='bbox 529 3140 550 3172; x_wconf 90' lang='grc' dir='ltr'><strong><em>ω</em></strong></span> <span class='ocrx_word' id='word_1_229' title='bbox 630 3122 805 3188; x_wconf 68' lang='lat' dir='ltr'><strong>&#39;sequentium</strong></span> <span class='ocrx_word' id='word_1_230' title='bbox 825 3122 861 3185; x_wconf 84' lang='grc' dir='ltr'><strong>Τ,</strong></span> <span class='ocrx_word' id='word_1_231' title='bbox 885 3118 1103 3188; x_wconf 87' lang='lat' dir='ltr'><strong>consequentium</strong></span> <span class='ocrx_word' id='word_1_232' title='bbox 1124 3118 1151 3172; x_wconf 85' lang='lat' dir='ltr'><em>V</em></span> 
     </span>
     <span class='ocr_line' id='line_1_27' title="bbox 94 3201 1188 3272; baseline 0.003 -18"><span class='ocrx_word' id='word_1_233' title='bbox 94 3201 212 3272; x_wconf 70' lang='lat' dir='ltr'><strong>testet]</strong></span> <span class='ocrx_word' id='word_1_234' title='bbox 227 3204 323 3256; x_wconf 82' lang='lat' dir='ltr'><strong>atoue</strong></span> <span class='ocrx_word' id='word_1_235' title='bbox 377 3202 410 3255; x_wconf 78' lang='lat'><strong>12</strong></span> <span class='ocrx_word' id='word_1_236' title='bbox 422 3201 528 3256; x_wconf 87' lang='lat' dir='ltr'><strong>litteras</strong></span> <span class='ocrx_word' id='word_1_237' title='bbox 541 3202 609 3256; x_wconf 86' lang='lat' dir='ltr'><strong>alias</strong></span> <span class='ocrx_word' id='word_1_238' title='bbox 621 3205 649 3267; x_wconf 83' lang='lat' dir='ltr'><strong>T,</strong></span> <span class='ocrx_word' id='word_1_239' title='bbox 668 3203 737 3256; x_wconf 87' lang='lat' dir='ltr'><strong>alias</strong></span> <span class='ocrx_word' id='word_1_240' title='bbox 748 3203 856 3257; x_wconf 85' lang='lat' dir='ltr'><strong>litteras</strong></span> <span class='ocrx_word' id='word_1_241' title='bbox 865 3202 984 3257; x_wconf 80' lang='lat' dir='ltr'><strong>Efflca</strong></span> <span class='ocrx_word' id='word_1_242' title='bbox 1037 3203 1094 3272; x_wconf 88' lang='lat' dir='ltr'><strong>nec]</strong></span> <span class='ocrx_word' id='word_1_243' title='bbox 1107 3203 1188 3257; x_wconf 83' lang='lat' dir='ltr'><strong>neM</strong></span> 
     </span>
     <span class='ocr_line' id='line_1_28' title="bbox 98 3286 1186 3359; baseline 0.003 -19"><span class='ocrx_word' id='word_1_244' title='bbox 98 3286 235 3356; x_wconf 79' lang='lat' dir='ltr'><strong>scripserit</strong></span> <span class='ocrx_word' id='word_1_245' title='bbox 246 3289 307 3357; x_wconf 89' lang='lat' dir='ltr'><strong>quis</strong></span> <span class='ocrx_word' id='word_1_246' title='bbox 319 3288 378 3356; x_wconf 86' lang='lat' dir='ltr'><strong>(qui</strong></span> <span class='ocrx_word' id='word_1_247' title='bbox 390 3289 424 3358; x_wconf 85' lang='grc' dir='ltr'><strong>ω)</strong></span> <span class='ocrx_word' id='word_1_248' title='bbox 436 3289 467 3342; x_wconf 82' lang='lat' dir='ltr'><em>E</em></span> <span class='ocrx_word' id='word_1_249' title='bbox 471 3293 517 3352; x_wconf 78' lang='grc' dir='ltr'><strong>ιω,</strong></span> <span class='ocrx_word' id='word_1_250' title='bbox 536 3290 582 3357; x_wconf 85' lang='lat' dir='ltr'><strong>qui</strong></span> <span class='ocrx_word' id='word_1_251' title='bbox 593 3289 664 3357; x_wconf 84' lang='lat' dir='ltr'><strong>(quis</strong></span> <span class='ocrx_word' id='word_1_252' title='bbox 678 3291 720 3357; x_wconf 91' lang='lat' dir='ltr'><strong>Io)</strong></span> <span class='ocrx_word' id='word_1_253' title='bbox 733 3289 871 3357; x_wconf 83' lang='lat' dir='ltr'><strong>scripserit</strong></span> <span class='ocrx_word' id='word_1_254' title='bbox 883 3289 921 3343; x_wconf 86' lang='lat' dir='ltr'><strong><em>M</em></strong></span> <span class='ocrx_word' id='word_1_255' title='bbox 922 3289 977 3344; x_wconf 81' lang='lat' dir='ltr'><strong>Tlo</strong></span> <span class='ocrx_word' id='word_1_256' title='bbox 1012 3290 1086 3359; x_wconf 89' lang='lat' dir='ltr'><strong>quos]</strong></span> <span class='ocrx_word' id='word_1_257' title='bbox 1099 3305 1147 3343; x_wconf 92' lang='lat' dir='ltr'><strong>uos</strong></span> <span class='ocrx_word' id='word_1_258' title='bbox 1160 3289 1186 3343; x_wconf 83' lang='grc' dir='ltr'><em>Τ</em></span> 
     </span>
     <span class='ocr_line' id='line_1_29' title="bbox 94 3372 1221 3446; baseline 0.004 -21"><span class='ocrx_word' id='word_1_259' title='bbox 94 3372 126 3426; x_wconf 85' lang='grc'>14</span> <span class='ocrx_word' id='word_1_260' title='bbox 143 3373 248 3428; x_wconf 86' lang='lat' dir='ltr'><strong>hisdem</strong></span> <span class='ocrx_word' id='word_1_261' title='bbox 260 3373 416 3438; x_wconf 81' lang='lat' dir='ltr'><strong>E¹MoTa‚</strong></span> <span class='ocrx_word' id='word_1_262' title='bbox 437 3373 533 3428; x_wconf 86' lang='lat' dir='ltr'><strong>iisdem</strong></span> <span class='ocrx_word' id='word_1_263' title='bbox 545 3376 578 3430; x_wconf 86' lang='lat' dir='ltr'><strong>Io</strong></span> <span class='ocrx_word' id='word_1_264' title='bbox 646 3375 754 3430; x_wconf 77' lang='lat' dir='ltr'><strong>mrthae</strong></span> <span class='ocrx_word' id='word_1_265' title='bbox 766 3376 822 3430; x_wconf 86' lang='lat' dir='ltr'><strong>ET</strong></span> <span class='ocrx_word' id='word_1_266' title='bbox 888 3375 946 3445; x_wconf 87' lang='lat' dir='ltr'><strong>ipse</strong></span> <span class='ocrx_word' id='word_1_267' title='bbox 958 3375 1050 3431; x_wconf 81' lang='grc' dir='ltr'><strong>ΕΤΜ</strong></span> <span class='ocrx_word' id='word_1_268' title='bbox 1125 3375 1159 3430; x_wconf 78' lang='grc'>15</span> <span class='ocrx_word' id='word_1_269' title='bbox 1176 3375 1221 3446; x_wconf 90' lang='lat' dir='ltr'><strong>ne}</strong></span> 
     </span>
     <span class='ocr_line' id='line_1_30' title="bbox 96 3460 1189 3530; baseline 0.004 -19"><span class='ocrx_word' id='word_1_270' title='bbox 96 3461 179 3515; x_wconf 86' lang='lat' dir='ltr'><strong>neoT</strong></span> <span class='ocrx_word' id='word_1_271' title='bbox 224 3461 386 3514; x_wconf 83' lang='lat' dir='ltr'><strong>smtractum</strong></span> <span class='ocrx_word' id='word_1_272' title='bbox 399 3461 436 3516; x_wconf 67' lang='lat'><strong>2¹¹</strong></span> <span class='ocrx_word' id='word_1_273' title='bbox 492 3461 545 3530; x_wconf 91' lang='lat' dir='ltr'><strong>uel]</strong></span> <span class='ocrx_word' id='word_1_274' title='bbox 558 3460 675 3515; x_wconf 78' lang='lat' dir='ltr'><strong>uellitl&#39;</strong></span> <span class='ocrx_word' id='word_1_275' title='bbox 723 3463 858 3516; x_wconf 85' lang='lat' dir='ltr'><strong>mutatum</strong></span> <span class='ocrx_word' id='word_1_276' title='bbox 871 3461 897 3515; x_wconf 88' lang='lat' dir='ltr'><strong><em>T</em></strong></span> <span class='ocrx_word' id='word_1_277' title='bbox 946 3463 980 3516; x_wconf 88' lang='grc'>16</span> <span class='ocrx_word' id='word_1_278' title='bbox 992 3461 1189 3516; x_wconf 82' lang='lat' dir='ltr'><strong>autenticaml</strong></span> 
     </span>
     <span class='ocr_line' id='line_1_31' title="bbox 98 3545 1161 3616; baseline 0.004 -18"><span class='ocrx_word' id='word_1_279' title='bbox 98 3545 138 3614; x_wconf 90' lang='lat' dir='ltr'><strong>ut]</strong></span> <span class='ocrx_word' id='word_1_280' title='bbox 163 3549 195 3599; x_wconf 90' lang='lat' dir='ltr'><strong>nt</strong></span> <span class='ocrx_word' id='word_1_281' title='bbox 221 3561 281 3600; x_wconf 87' lang='lat' dir='ltr'><strong>cum</strong></span> <span class='ocrx_word' id='word_1_282' title='bbox 302 3547 328 3601; x_wconf 81' lang='grc' dir='ltr'><em>Τ</em></span> <span class='ocrx_word' id='word_1_283' title='bbox 393 3547 619 3616; x_wconf 75' lang='lat' dir='ltr'><strong>recognouiscatis</strong></span> <span class='ocrx_word' id='word_1_284' title='bbox 640 3547 665 3598; x_wconf 79' lang='lat' dir='ltr'><em>T</em></span> <span class='ocrx_word' id='word_1_285' title='bbox 732 3547 764 3601; x_wconf 84' lang='lat' dir='ltr'><strong>l‘l</strong></span> <span class='ocrx_word' id='word_1_286' title='bbox 788 3548 845 3616; x_wconf 87' lang='lat' dir='ltr'><strong>ipse</strong></span> <span class='ocrx_word' id='word_1_287' title='bbox 863 3547 894 3600; x_wconf 82' lang='grc' dir='ltr'><em>Ε</em></span> <span class='ocrx_word' id='word_1_288' title='bbox 961 3546 995 3601; x_wconf 88' lang='grc'><strong>18</strong></span> <span class='ocrx_word' id='word_1_289' title='bbox 1017 3563 1113 3616; x_wconf 81' lang='lat' dir='ltr'><strong>graues</strong></span> <span class='ocrx_word' id='word_1_290' title='bbox 1135 3548 1161 3603; x_wconf 85' lang='grc' dir='ltr'><strong><em>Τ</em></strong></span> 
     </span>
     <span class='ocr_line' id='line_1_32' title="bbox 98 3617 1220 3703; baseline 0.005 -21"><span class='ocrx_word' id='word_1_291' title='bbox 98 3629 131 3682; x_wconf 85' lang='grc'>19</span> <span class='ocrx_word' id='word_1_292' title='bbox 146 3631 181 3700; x_wconf 85' lang='lat' dir='ltr'><strong>et]</strong></span> <span class='ocrx_word' id='word_1_293' title='bbox 201 3631 245 3685; x_wconf 86' lang='lat' dir='ltr'><strong>uel</strong></span> <span class='ocrx_word' id='word_1_294' title='bbox 265 3631 292 3685; x_wconf 85' lang='lat' dir='ltr'><em>V</em></span> <span class='ocrx_word' id='word_1_295' title='bbox 352 3632 387 3686; x_wconf 82' lang='lat'><strong>20</strong></span> <span class='ocrx_word' id='word_1_296' title='bbox 404 3617 598 3703; x_wconf 79' lang='lat' dir='ltr'><strong>subscriptione</strong></span> <span class='ocrx_word' id='word_1_297' title='bbox 619 3635 645 3688; x_wconf 83' lang='grc' dir='ltr'><strong><em>Τ</em></strong></span> <span class='ocrx_word' id='word_1_298' title='bbox 699 3636 791 3688; x_wconf 81' lang='lat' dir='ltr'><strong>uestra</strong></span> <span class='ocrx_word' id='word_1_299' title='bbox 806 3650 888 3688; x_wconf 85' lang='lat' dir='ltr'><strong>manu</strong></span> <span class='ocrx_word' id='word_1_300' title='bbox 909 3634 936 3689; x_wconf 87' lang='lat' dir='ltr'><strong><em>V</em></strong></span> <span class='ocrx_word' id='word_1_301' title='bbox 995 3633 1031 3687; x_wconf 72' lang='lat'><strong>22</strong></span> <span class='ocrx_word' id='word_1_302' title='bbox 1047 3633 1137 3687; x_wconf 88' lang='lat' dir='ltr'><strong>ualere</strong></span> <span class='ocrx_word' id='word_1_303' title='bbox 1153 3633 1220 3688; x_wconf 88' lang='lat' dir='ltr'><strong>bene</strong></span> 
     </span>
     <span class='ocr_line' id='line_1_33' title="bbox 96 3716 1220 3790; baseline 0.001 -19"><span class='ocrx_word' id='word_1_304' title='bbox 96 3716 180 3771; x_wconf 83' lang='lat' dir='ltr'><strong>mletc</strong></span> <span class='ocrx_word' id='word_1_305' title='bbox 200 3718 237 3781; x_wconf 86' lang='lat' dir='ltr'><strong>T,</strong></span> <span class='ocrx_word' id='word_1_306' title='bbox 261 3717 328 3772; x_wconf 87' lang='lat' dir='ltr'><strong>hene</strong></span> <span class='ocrx_word' id='word_1_307' title='bbox 345 3718 436 3772; x_wconf 86' lang='lat' dir='ltr'><strong>ualere</strong></span> <span class='ocrx_word' id='word_1_308' title='bbox 454 3719 543 3774; x_wconf 87' lang='lat' dir='ltr'><strong>ualets</strong></span> <span class='ocrx_word' id='word_1_309' title='bbox 561 3720 597 3774; x_wconf 85' lang='lat' dir='ltr'><strong><em>M</em></strong></span> <span class='ocrx_word' id='word_1_310' title='bbox 614 3719 792 3790; x_wconf 83' lang='lat' dir='ltr'><strong>—Epistula</strong></span> <span class='ocrx_word' id='word_1_311' title='bbox 809 3720 936 3790; x_wconf 80' lang='lat' dir='ltr'><strong>Cypriani</strong></span> <span class='ocrx_word' id='word_1_312' title='bbox 953 3718 1124 3774; x_wconf 86' lang='lat' dir='ltr'><strong>rescribentis</strong></span> <span class='ocrx_word' id='word_1_313' title='bbox 1143 3719 1220 3786; x_wconf 86' lang='lat' dir='ltr'><strong>(sori-</strong></span> 
     </span>
     <span class='ocr_line' id='line_1_34' title="bbox 95 3791 1218 3875; baseline 0.001 -19"><span class='ocrx_word' id='word_1_314' title='bbox 95 3800 156 3856; x_wconf 84' lang='lat' dir='ltr'><strong>hanr</strong></span> <span class='ocrx_word' id='word_1_315' title='bbox 173 3803 247 3872; x_wconf 79' lang='lat' dir='ltr'><strong>EM)</strong></span> <span class='ocrx_word' id='word_1_316' title='bbox 270 3803 368 3858; x_wconf 85' lang='lat' dir='ltr'><strong>Rornae</strong></span> <span class='ocrx_word' id='word_1_317' title='bbox 391 3805 460 3859; x_wconf 83' lang='lat' dir='ltr'><strong>clero</strong></span> <span class='ocrx_word' id='word_1_318' title='bbox 477 3804 510 3860; x_wconf 88' lang='lat' dir='ltr'><strong>de</strong></span> <span class='ocrx_word' id='word_1_319' title='bbox 525 3805 673 3860; x_wconf 87' lang='lat' dir='ltr'><strong>redditione</strong></span> <span class='ocrx_word' id='word_1_320' title='bbox 696 3807 812 3875; x_wconf 84' lang='lat' dir='ltr'><strong>episcopi</strong></span> <span class='ocrx_word' id='word_1_321' title='bbox 834 3805 921 3860; x_wconf 91' lang='lat' dir='ltr'><strong>urbici</strong></span> <span class='ocrx_word' id='word_1_322' title='bbox 939 3791 1038 3874; x_wconf 78' lang='lat' dir='ltr'><strong>(urbici</strong></span> <span class='ocrx_word' id='word_1_323' title='bbox 1055 3806 1090 3874; x_wconf 85' lang='grc' dir='ltr'><strong>Τ)</strong></span> <span class='ocrx_word' id='word_1_324' title='bbox 1107 3803 1218 3874; x_wconf 83' lang='lat' dir='ltr'><strong>explicit</strong></span> 
     </span>
     <span class='ocr_line' id='line_1_35' title="bbox 93 3887 1013 3962; baseline 0.004 -19"><span class='ocrx_word' id='word_1_325' title='bbox 93 3887 186 3954; x_wconf 75' lang='grc' dir='ltr'><strong>ΕΜΓ,</strong></span> <span class='ocrx_word' id='word_1_326' title='bbox 204 3905 252 3944; x_wconf 78' lang='lat' dir='ltr'><strong>oue</strong></span> <span class='ocrx_word' id='word_1_327' title='bbox 273 3891 320 3955; x_wconf 82' lang='lat' dir='ltr'><strong>Ia,</strong></span> <span class='ocrx_word' id='word_1_328' title='bbox 339 3889 458 3962; x_wconf 86' lang='lat' dir='ltr'><strong>llrplieit</strong></span> <span class='ocrx_word' id='word_1_329' title='bbox 475 3890 507 3946; x_wconf 88' lang='lat' dir='ltr'><strong>ds</strong></span> <span class='ocrx_word' id='word_1_330' title='bbox 523 3891 654 3947; x_wconf 75' lang='lat' dir='ltr'><strong>reditione</strong></span> <span class='ocrx_word' id='word_1_331' title='bbox 672 3892 789 3948; x_wconf 87' lang='lat' dir='ltr'><strong>urbieini</strong></span> <span class='ocrx_word' id='word_1_332' title='bbox 807 3891 928 3962; x_wconf 85' lang='lat' dir='ltr'><strong>episcopi</strong></span> <span class='ocrx_word' id='word_1_333' title='bbox 941 3908 965 3947; x_wconf 91' lang='lat' dir='ltr'><strong>o.</strong></span> <span class='ocrx_word' id='word_1_334' title='bbox 979 3921 1013 3932; x_wconf 90' lang='lat'><em>-</em></span> 
     </span>
    </p>
   </div>
   <div class='ocr_carea' id='block_1_5' title="bbox 0 0 1518 4967">
    <p class='ocr_par' dir='ltr' id='par_1_9' title="bbox 0 0 1518 4967">
     <span class='ocr_line' id='line_1_36' title="bbox 0 0 1518 4967; baseline 0 0"><span class='ocrx_word' id='word_1_335' title='bbox 0 0 1518 4967; x_wconf 95' lang='lat' dir='ltr'><strong> </strong></span> 
     </span>
    </p>
   </div>
  </div>
 </body>
</html>
