3025 4967
409 395 587 466 Epistulae
604 396 730 451 uxrrr.
750 414 772 451 0.
791 398 899 453 13-15.
1151 402 1214 467 713

90 553 251 619 datast
278 554 479 618 doctrinas
508 552 704 618 bominum
732 555 932 632 docentes,
961 558 992 620 et
1014 557 1128 620 iterum
1150 556 1214 619 Do·

92 656 198 721 minus
212 656 246 721 iu
260 656 419 739 euangelio
434 656 492 721 boc
506 656 591 721 idem
607 658 727 739 repetat
743 656 862 721 dicans:
878 658 1035 723 reicitis
1059 678 1142 722 man
1153 658 1172 721 d
1182 677 1216 721 a·

93 762 179 825 tum
205 759 278 824 Dei
309 762 352 823 ut
383 760 640 824 traditionem
668 761 837 825 uestram
865 762 1067 827 statuatis.
1102 762 1156 825 sed
1187 764 1219 826 et

94 863 158 929 alio
177 862 292 927 inloco
311 863 399 946 ponit
419 864 451 927 et
471 862 563 928 dicit:
586 863 652 944 qui
675 864 845 928 soluerit
867 884 979 928 unum
1002 882 1043 928 er
1066 864 1218 930 manda-

72 966 152 1031 stis
173 966 266 1031 istis
286 966 460 1031 minimis
482 966 522 1031 et
543 966 598 1030 sic
620 965 798 1030 docuerit
820 967 1008 1044 homines,
1034 968 1219 1032 minimus

94 1068 303 1132 uocabitur
333 1068 373 1132 in
404 1086 520 1151 regno
556 1068 764 1133 caelorum.
800 1069 880 1151 quod
902 1070 928 1132 si
951 1088 1005 1134 nec
1026 1070 1157 1133 minima
1179 1071 1217 1135 da

94 1171 254 1237 mandatis
268 1170 430 1235 dominicis
445 1171 519 1236 licat
534 1172 662 1249 soluere,
684 1176 799 1254 quanto
814 1174 915 1257 magis
929 1174 995 1237 tam
1012 1192 1133 1257 magns,
1151 1173 1217 1237 tam

95 1275 238 1360 grandia,
253 1275 319 1339 tam
333 1273 374 1339 ad
388 1274 493 1355 ipsum
507 1274 680 1339 dominicae
692 1276 843 1358 passionis
855 1278 887 1339 et
898 1277 1018 1339 nostrae
1034 1276 1221 1356 redemptio·

96 1379 149 1443 nis
168 1378 396 1443 sacramentum
414 1378 601 1459 pertinentia
623 1378 671 1441 fas
692 1394 752 1442 non
775 1380 823 1443 est
836 1378 1004 1460 infringere
1019 1380 1073 1441 aut
1089 1378 1120 1441 in
1136 1378 1220 1442 aliud

33 1553 37 1562 ¹
63 1500 194 1563 mquam
214 1482 295 1561 quod
310 1480 462 1545 diuinitus
477 1481 658 1545 institutum
673 1481 716 1544 sit
731 1482 866 1545 humana
886 1480 1052 1545 traditione
1074 1482 1221 1545 mutare?

95 1604 170 1651 uam
190 1584 218 1649 si
233 1582 373 1649 Christus
388 1584 474 1647 Iesus
490 1583 640 1647 Dominus
658 1585 690 1647 et
707 1584 791 1647 Deus
806 1586 910 1647 noster
924 1584 989 1663 ipse
1013 1585 1060 1647 ost
1079 1602 1219 1647 summus

97 1688 241 1754 sacerdos
256 1686 316 1751 Dei
329 1687 427 1767 patris
443 1688 474 1750 et
489 1685 676 1750 sacrificium
692 1686 776 1767 patri
799 1704 831 1749 se
851 1685 954 1767 ipsum
974 1685 1090 1767 optulit
1113 1688 1145 1751 et
1165 1687 1222 1751 boc

97 1791 167 1855 fieri
192 1790 225 1855 in
250 1789 300 1854 sui
325 1789 647 1853 commemorationem
674 1788 842 1871 praecepit,
869 1790 977 1869 utique
1003 1789 1056 1852 ille
1082 1788 1221 1853 sacerdos

97 1894 169 1958 uice
190 1891 306 1957 Christi
329 1910 402 1955 uere
421 1891 564 1975 fungitur
583 1891 637 1971 qui
657 1890 691 1954 id
713 1890 794 1971 quod
817 1889 957 1955 Christus
981 1890 1055 1955 fecit
1078 1890 1223 1955 imitatur

64 2021 89 2061 ra
99 1998 133 2061 et
153 1994 340 2061 sacrificium
354 2012 464 2059 uerum
478 1996 511 2058 et
525 1994 652 2075 plenum
666 1993 742 2056 tunc
757 1992 848 2057 offert
862 1994 894 2056 in
910 1992 1037 2057 ecclesia
1051 1993 1115 2057 Deo
1130 1994 1221 2076 patri,

99 2100 130 2164 si
156 2100 203 2163 sic
229 2099 358 2179 incipiat
385 2096 492 2161 offerre
519 2096 685 2159 secundum
712 2095 793 2176 quod
813 2096 915 2176 ipsum
938 2094 1096 2159 Christum
1119 2096 1225 2161 uideat

100 2202 261 2284 optulisse.

146 2303 290 2369 Getarum
314 2303 414 2368 omnis
437 2303 597 2386 religionis
618 2304 650 2365 et
670 2302 814 2365 ueritatis
837 2301 1001 2384 disciplina
1021 2304 1223 2381 subnectitur,
1240 2316 1277 2377 15

100 2408 163 2473 nisi
177 2407 212 2472 id
226 2406 309 2489 quod
322 2406 506 2487 spiritaliter
520 2405 711 2487 praecipitur
726 2404 861 2469 fideliter
876 2408 1056 2483 resecetur,
1072 2405 1133 2469 nisi
1149 2406 1176 2469 si
1191 2405 1223 2469 in

64 2510 263 2577 asacdfidm
278 2509 442 2575 matutinis
457 2508 514 2572 hoc
528 2509 598 2589 quis
613 2508 747 2583 noratur,
771 2528 808 2571 ne
828 2526 882 2589 per
902 2524 1040 2591 saporem
1057 2509 1123 2574 uini
1138 2510 1226 2573 redo-

102 2614 168 2679 leat
189 2613 373 2696 sanguinem
388 2611 513 2677 Christi.
535 2612 580 2675 sic
601 2627 676 2693 ergo
693 2610 805 2691 incipit
828 2612 860 2675 et
875 2630 893 2675 a
909 2610 1049 2693 passione
1064 2610 1179 2677 Christi
1195 2612 1228 2675 in

102 2716 367 2799 persecutionibus
381 2714 560 2779 fraternitas
575 2713 738 2789 retardari,
764 2713 838 2777 dum
853 2713 885 2776 in
906 2713 1113 2783 oblationibus
1134 2714 1228 2778 discit

209 2922 226 2975 2
243 2920 322 2975 mire.
341 2920 366 2983 1,
385 2919 424 2973 13.
494 2921 513 2973 4
529 2917 628 2975 111111).
646 2918 670 2981 5,
691 2920 732 2972 19.

160 3108 318 3163 ldiscentea
332 3108 355 3162 S
436 3106 592 3175 dminimis]
606 3105 670 3159 add.
685 3104 733 3158 8¹:
747 3104 816 3158 mihi
829 3104 946 3168 iecistis;
959 3120 1020 3172 esp.
1033 3106 1098 3157 rra2
1184 3103 1232 3171 sic]

105 3195 173 3265 siQ
276 3196 429 3262 'lmagnam
442 3193 475 3247 8¹
578 3191 697 3245 itincre.
713 3190 740 3244 R
849 3188 1020 3242 10institurn
1033 3190 1061 3244 P
1164 3189 1196 3241 11
1208 3188 1234 3241 si

106 3298 159 3336 ora.
173 3281 201 3335 P
301 3279 372 3332 icans
384 3279 501 3332 cbristus
514 3277 610 3346 LPQv
716 3277 749 3328 12
761 3275 846 3343 patris
859 3274 887 3329 R
985 3275 1076 3343 selsel
1090 3274 1118 3335 S,
1131 3275 1159 3327 et
1172 3274 1199 3328 R

107 3366 211 3437 ipsum]
223 3367 311 3435 ipsum
322 3366 422 3434 primus
435 3363 561 3433 LPQRc
693 3361 839 3414 obtulisset
850 3359 878 3415 R
1008 3362 1045 3429 et]
1058 3362 1146 3428 ipsum
1158 3360 1186 3412 ct
1202 3358 1234 3428 Q,

108 3470 159 3508 cora
173 3452 201 3507 R
338 3451 371 3504 13
387 3449 635 3503 commemoratione
654 3446 763 3515 LPQR
900 3449 983 3515 utque
995 3447 1033 3500 M
1049 3446 1152 3515 (utiquo
1166 3445 1200 3514 Q)

109 3540 145 3595 14
155 3539 224 3607 uice]
239 3538 286 3605 qui
297 3538 356 3590 nica
372 3535 395 3605 Q
529 3534 567 3603 id]
581 3534 646 3601 quid
657 3550 718 3600 cap.
732 3533 760 3585 1.
896 3531 930 3585 15
942 3532 1014 3599 patri
1026 3531 1062 3599 ei]
1074 3532 1161 3599 patris
1173 3530 1201 3585 R

111 3626 144 3679 16
157 3624 301 3679 secundum
313 3640 364 3677 om.
377 3622 401 3676 S
515 3622 548 3675 19
560 3621 584 3673 si
596 3636 645 3673 oea
660 3619 682 3673 S
784 3618 819 3671 20
830 3634 876 3685 per
887 3633 1007 3685 saporem
1019 3634 1044 3671 n.
1058 3634 1078 3670 r.
1094 3632 1115 3669 s.
1128 3616 1234 3686 christi]

109 3713 206 3765 uinum
226 3710 324 3763 offerat
341 3724 373 3761 ne
390 3723 437 3775 par
455 3722 576 3775 saporem
598 3705 656 3759 uini
673 3705 753 3759 odore
771 3702 919 3772 fraglantia
939 3702 1109 3771 (flagrantem
1129 3702 1159 3765 0,
1181 3701 1236 3755 fra·

110 3799 209 3866 granta
226 3794 333 3849 dcedd.
347 3794 430 3860 Falla)
449 3792 513 3845 odor
526 3791 570 3856 (ab
587 3791 690 3845 infideli
708 3790 871 3845 conscicntia
888 3788 950 3842 odor
965 3788 987 3843 0
1004 3794 1029 3841 et
1042 3790 1058 3841 5
1070 3788 1158 3856 codd.)
1176 3788 1235 3841 uini

110 3882 185 3937 horis
197 3881 310 3947 (umbria
326 3880 359 3948 0)
370 3879 516 3933 matutinis
533 3878 616 3931 fuerit
633 3877 743 3945 agnitus
762 3880 790 3931 et
805 3878 979 3945 cognoscatur
998 3890 1054 3927 essa
1072 3874 1236 3927 christianus

110 3968 176 4023 dum
192 3984 241 4023 nos
258 3966 389 4035 sanguina
400 3963 571 4034 (sanguinem
587 3963 646 4017 cu
658 3968 674 4016 5
687 3962 776 4029 codd.)
795 3961 932 4016 christiin
945 3960 1002 4013 nini
1020 3959 1155 4013 oblatione
1173 3960 1235 4028 (cra.

112 4054 143 4108 in
158 4053 220 4107 uini
240 4051 376 4106 oblatione
392 4051 425 4119 0)
445 4048 633 4103 confundimur
651 4050 887 4114 (conmemoramas
905 4048 921 4099 5
939 4044 1027 4111 codd.)
1041 4044 1094 4100 Rc
1108 4046 1154 4113 (π
1170 4046 1237 4101 Ocr-

112 4140 240 4205 bea'csssis)
252 4144 277 4191 et
288 4141 306 4191 5
317 4137 395 4191 codd.
407 4152 474 4204 quos
485 4135 585 4189 laudat
601 4133 687 4188 Oresa
783 4132 852 4202 nini]
866 4132 929 4185 uani
940 4130 1004 4185 Lm
1093 4131 1127 4185 21
1140 4131 1179 4185 sic

114 4225 253 4279 christiin
263 4223 352 4277 oraS
450 4222 485 4275 22
497 4220 679 4291 persecutione
691 4218 718 4273 11
821 4216 977 4272 fraternitas
993 4214 1229 4271 ...oblationibus

115 4310 203 4365 οπως
302 4307 393 4377 discit]
407 4306 511 4362 dicits
