3025 4967
284 399 347 465 826
684 399 831 456 Caecilii
848 401 1008 471 Cypriani

232 560 273 623 2⁵
325 554 411 620 Haec
434 557 564 640 apostoli
586 558 733 622 mandata
754 559 787 623 et
808 557 928 623 monita
952 557 1102 622 salutaria
1122 576 1218 640 quam
1241 557 1412 642 diligenter

282 655 455 740 Stephanus
478 660 633 743 impleuit,
660 660 875 726 bumilitatem
897 679 1005 727 sensus
1026 664 1059 726 et
1077 661 1238 727 lenitatem
1259 661 1361 744 primo
1375 663 1410 727 in
1501 678 1502 713 ³

282 759 348 826 loco
380 781 515 827 seruans.
545 763 620 845 quid
647 765 729 829 euim
755 764 909 830 humilius
935 766 991 831 aut
1015 764 1118 830 lenius
1141 765 1236 847 quam
1260 783 1333 830 cum
1359 767 1412 830 tot

282 863 433 948 episeopis
459 885 513 948 per
533 867 637 932 totum
659 869 812 933 mundum
833 869 1023 948 dissensisse,
1051 887 1160 951 pacem
1180 887 1252 932 curn
1273 868 1411 952 singulis

281 969 367 1032 uario
383 968 551 1035 discordiae
564 987 675 1054 genere
689 974 896 1053 rumpentem,
912 971 1003 1036 modo
1015 989 1085 1037 cnm
1096 971 1308 1050 orientalibus,
1317 972 1433 1052 -quods

281 1089 337 1136 neo
356 1089 411 1136 uos
433 1070 528 1137 latere
548 1072 741 1152 confidimus,
763 1075 855 1139 modo
874 1074 1036 1140 uobiscum
1056 1075 1110 1156 qui
1125 1073 1159 1140 in
1173 1073 1304 1139 meridie
1319 1073 1409 1150 estis,

281 1173 426 1255 aquibus
448 1174 566 1259 legatos
587 1174 744 1260 episcopos
764 1177 919 1259 patienter
940 1178 1016 1242 satis
1036 1180 1069 1242 et
1083 1177 1195 1242 leniter
1217 1176 1357 1259 suscepit
1372 1179 1411 1240 ut

282 1293 333 1340 eos
347 1295 402 1341 nec
417 1276 456 1341 ed
471 1295 642 1344 sermonem
663 1280 776 1345 saltem
791 1280 938 1362 colloquii
953 1280 1126 1345 communia
1140 1279 1331 1362 admitteret,
1351 1279 1411 1344 ad·

280 1379 341 1444 bue
355 1379 481 1462 insuper
496 1379 670 1447 dilectionis
685 1383 717 1448 et
728 1383 870 1449 caritatis
884 1399 1002 1448 memor
1015 1382 1205 1466 praeciperet
1215 1382 1411 1448 fraternitati

147 1516 153 1540 .
282 1482 443 1548 uniuersae
464 1502 502 1549 ne
522 1489 591 1567 quis
613 1503 663 1551 eos
678 1485 711 1550 in
726 1485 854 1550 domum
874 1505 963 1551 suam
983 1486 1142 1568 reciperet,
1157 1489 1196 1550 ut
1209 1485 1409 1552 uenientibus
1419 1509 1444 1548 a

281 1602 341 1650 non
363 1587 464 1652 solum
484 1605 544 1670 pax
558 1591 590 1654 et
604 1589 781 1654 communio
796 1589 850 1655 sed
866 1592 898 1654 et
911 1591 1031 1655 tectum
1045 1593 1078 1655 et
1092 1589 1263 1672 hospitium
1277 1607 1410 1674 negare-
1501 1676 1502 1683 ἵ

280 1689 341 1753 tur.
369 1688 427 1755 boc
448 1693 496 1756 est
516 1709 654 1758 seruasse
676 1693 828 1758 mitatem
848 1694 979 1776 spiritns
998 1694 1032 1758 in
1044 1693 1292 1759 coniunctionem
1311 1693 1410 1774 pacis,

228 1846 233 1862 .
280 1791 438 1858 abscidere
449 1813 467 1858 a
478 1796 618 1862 cantatis
629 1796 750 1861 unitate
761 1799 794 1861 et
804 1796 942 1862 alienum
957 1795 1130 1878 peremnia
1143 1794 1292 1860 aaaron
1306 1794 1410 1860 facere

280 1897 312 1961 et
341 1899 447 1962 contm
480 1899 708 1964 sacramentum
736 1901 768 1963 et
796 1897 959 1964 uinculum
987 1899 1074 1982 pacis
1102 1897 1204 1963 furem
1236 1897 1408 1963 mocorono

279 1996 436 2065 rebellare.
461 2000 543 2082 apud
563 2002 658 2067 talem
680 2004 783 2084 potest
803 2020 870 2068 esse
889 2021 988 2067 unum
1001 2020 1111 2084 corpus
1124 2005 1157 2067 et
1171 2021 1251 2067 unus
1266 2001 1404 2083 spiritns,
1413 2004 1443 2061 as·

280 2104 362 2186 apud
377 2123 470 2187 quem
484 2104 615 2170 fortasse
629 2107 697 2188 ipsa
711 2105 818 2171 anima
831 2125 894 2171 una
907 2123 968 2170 non
983 2107 1032 2171 est
1045 2105 1093 2170 sic
1106 2105 1227 2170 lubrica
1237 2107 1270 2170 et
1279 2103 1407 2169 mobilis

255 2197 262 2208 '
280 2209 312 2273 et
324 2207 467 2273 incerta?
481 2209 535 2274 sed
547 2210 698 2291 quantum
709 2209 748 2275 ad
759 2209 851 2272 illum
866 2209 1012 2290 pertinet,
1027 2208 1251 2290 relinquamus.
1267 2209 1408 2273 excutis·

280 2328 351 2374 mus
371 2311 475 2393 potius
488 2311 523 2376 id
538 2313 576 2377 de
591 2329 651 2393 quo
672 2312 882 2377 cummaxime
904 2312 1044 2394 quaestio
1064 2313 1121 2376 est.
1143 2311 1197 2394 qui
1217 2311 1409 2376 contendunt

281 2414 320 2479 ab
345 2414 509 2481 haereticis
531 2415 703 2499 baptizatos
726 2416 771 2479 sie
793 2415 889 2497 recipi
914 2417 1055 2497 oportere
1080 2415 1243 2496 tamquam
1269 2413 1409 2498 legitimi

280 2515 430 2598 baptismi
444 2518 585 2603 ¹gratiam
608 2520 794 2601 consecutos,
821 2538 917 2584 unum
937 2518 1027 2584 nobis
1046 2520 1141 2600 etque
1159 2516 1226 2583 illis
1245 2517 1443 2599 baptisma»

280 2619 388 2685 dieunt
403 2638 468 2686 esse
483 2622 515 2685 et
525 2622 557 2686 in
572 2620 659 2686 nullo
675 2621 856 2705 discrepare.
874 2622 929 2687 sed
943 2621 1018 2704 quid
1034 2621 1080 2688 ait
1093 2619 1251 2703 apostolus
1262 2619 1407 2685 Paulus?

278 2733 374 2789 unus
405 2725 607 2818 Dominus,
645 2745 718 2791 una
753 2726 872 2803 tides,
909 2745 1022 2790 unum
1059 2724 1271 2806 baptisma,
1310 2743 1408 2789 unns

277 2827 388 2893 Deus.
413 2827 440 2892 si
455 2847 552 2894 onum
573 2831 668 2912 atque
689 2829 772 2895 idem
793 2831 931 2894 osteum
944 2831 1049 2895 nostro
1064 2828 1221 2912 baptisma
1233 2826 1408 2892 baeretico-

277 2951 358 3010 rum,
384 2931 450 2997 sine
470 2932 565 2998 dubio
580 2936 612 2998 et
627 2932 703 2998 fides
718 2952 780 2998 una
795 2934 851 2998 est.
879 2933 907 2996 si
921 2934 1028 2998 antem
1044 2930 1122 2996 fides
1137 2949 1201 2995 una
1214 2930 1273 3008 est,
1296 2929 1407 3012 utique

278 3035 310 3100 et
331 3035 484 3101 Dominus
504 3054 593 3102 nnus.
621 3037 648 3100 si
669 3037 820 3102 Dominus
840 3055 921 3102 nnus
941 3038 998 3115 est,
1026 3051 1212 3117 consequens
1232 3034 1282 3098 eet
1302 3033 1438 3098 diceres

276 3138 350 3220 quia
364 3139 387 3221 †
401 3159 482 3204 unus
497 3143 554 3206 est.
580 3141 607 3205 si
622 3144 727 3207 autem
748 3141 824 3207 baec
846 3142 951 3206 unitas
973 3159 1051 3223 qnae
1073 3138 1209 3222 separari
1230 3138 1358 3204 omnino
1373 3139 1406 3203 et

277 3240 378 3323 diuidi
394 3259 454 3308 non
468 3243 572 3326 potest
586 3245 680 3309 etiarn
697 3244 779 3328 apud
793 3243 965 3309 haereticos
979 3245 1048 3325 ipsa
1062 3244 1119 3324 eet,
1140 3241 1216 3324 quid
1230 3241 1318 3305 ultra
1332 3259 1406 3306 con·

276 3345 455 3411 tendimus?
476 3349 512 3411 ut
533 3345 608 3428 quid
630 3346 702 3412 illos
723 3347 892 3413 haereticos
907 3349 940 3412 et
953 3364 1014 3411 non
1035 3345 1218 3411 christianos
1232 3346 1405 3409 nocemus?

277 3465 365 3530 porro
389 3465 459 3514 eum
481 3449 569 3514 nobis
594 3451 626 3516 et
645 3450 811 3517 haereticis
833 3470 890 3516 neo
904 3451 989 3515 Deus
1012 3466 1092 3514 unns
1116 3448 1160 3513 sit
1179 3465 1236 3512 nec
1248 3446 1404 3511 Dominus

276 3569 357 3617 unus
378 3570 434 3617 nec
456 3572 518 3618 una
542 3552 670 3619 ecclesia
691 3573 747 3620 nec
768 3554 844 3618 tides
865 3572 937 3632 nna
963 3553 1017 3619 sed
1037 3571 1094 3618 nec
1107 3568 1188 3616 unns
1202 3548 1334 3632 spiritus
1349 3551 1437 3615 anteo

327 3738 486 3794 bdieeordis
499 3741 538 3794 E'
653 3739 843 3795 toonildemue
857 3739 892 3810 0¹
909 3739 1077 3808 (confidimns
1088 3737 1171 3808 W)
1296 3737 1331 3790 12
1343 3752 1404 3790 eon·

276 3823 414 3880 iunctione
426 3825 471 3879 Eo
581 3827 615 3882 13
627 3825 810 3882 abscinderes
922 3827 1039 3881 alienum
1051 3841 1108 3880 seo
1219 3824 1254 3878 14
1264 3822 1404 3877 uinculum

275 3910 349 3978 pacis
367 3911 409 3974 M,
431 3911 594 3966 contumacis
614 3912 703 3984 Quod
725 3927 804 3976 corr,
827 3914 991 3968 contumacis
1004 3913 1040 3978 E,
1061 3911 1140 3966 fldem
1158 3910 1323 3966 contumacia
1336 3910 1371 3964 Io

276 3994 310 4048 15
327 3997 457 4050 reuellere
473 3997 509 4050 Μ
513 3996 553 4068 'Q
707 4001 740 4054 18
758 3999 936 4054 cummaxima
948 4001 1028 4069 ΕΦ,
1049 3997 1223 4054 cummaxime
1240 3994 1321 4065 110²,
1344 3998 1402 4049 tum

275 4079 392 4133 maxima
405 4081 430 4146 I,
445 4084 589 4140 maximae
738 4087 772 4140 19
784 4084 937 4156 legitimam
952 4086 976 4156 Q
1123 4084 1159 4138 22
1170 4097 1253 4137 unum
1265 4081 1403 4150 baptisma

275 4181 325 4220 om.
337 4165 393 4236 EQ
499 4171 637 4241 23unum]
650 4172 785 4243 unnsEQ
895 4171 1019 4242 donnus]
1032 4185 1101 4225 unus
1113 4172 1184 4224 esto
1289 4166 1326 4220 26
1338 4167 1402 4236 quia

274 4268 343 4307 unus
361 4253 457 4324 EIQ2,
480 4255 544 4324 quia
561 4257 585 4310 si
602 4273 670 4311 unns
689 4257 768 4328 ΜΨ,
791 4260 854 4328 qnia
873 4259 966 4313 unitas
987 4259 1058 4313 cont.
1075 4257 1232 4322 Pamezoo,·
1253 4253 1318 4323 quia
1337 4251 1401 4306 dens

275 4353 344 4392 unus
356 4341 427 4394 conl.
440 4341 550 4411 Rootb,·
562 4343 628 4407 sort.
642 4343 706 4412 quia
718 4329 763 4415 sps
775 4360 844 4399 nnus
949 4343 984 4397 28
996 4343 1038 4413 ut]
1050 4345 1099 4397 ant
1110 4343 1177 4397 cosei
1191 4341 1299 4411 Rotam
1311 4342 1359 4398 rod
1368 4338 1400 4390 ui

275 4423 340 4492 quid
353 4451 380 4468 -
398 4429 445 4480 tva
456 4431 486 4478 τί
1360 4431 1370 4453 ·
