3025 4967
263 363 329 429 726
661 356 808 413 Caecilii
826 354 989 425 Cypriani

264 518 441 599 despew
454 518 488 580 et
500 515 638 597 perditos
655 516 780 579 secutum
800 514 905 590 inerit,
926 512 988 577 sibi
1008 510 1169 594 imputabit
1187 526 1260 574 crum
1280 508 1394 573 indidi

265 619 332 683 dies
346 618 474 683 uenerit
489 616 640 699 quomodo
654 617 737 681 euim
751 615 909 699 deprecari
922 616 956 679 in
966 616 1019 679 die
1029 614 1086 679 illo
1093 613 1261 677 Dominum
1272 612 1390 695 putruit

264 722 318 802 qui
333 724 366 785 et
379 722 452 785 aute
465 719 524 784 boc
537 718 696 784 Christum
709 722 743 783 et
756 738 839 783 nunc
852 736 974 801 quoquc
987 718 1151 782 ecclesiam
1164 714 1280 779 Christi
1292 732 1392 797 nega·

264 825 314 888 nit
332 824 365 887 et
382 823 533 905 episcopis
552 824 637 888 sanis
656 825 689 886 et
701 822 833 905 integris
848 824 880 886 et
894 820 1074 885 uiuentibus
1094 838 1155 883 non
1174 818 1391 898 obtemperem

264 927 411 991 comitem
421 944 455 991 se
468 926 502 989 et
513 926 696 1007 participem
710 924 914 989 morientibus
928 923 1095 1005 praebuit?
1109 924 1182 1005 opto
1195 938 1262 1003 unu,
1276 918 1416 983 frahna

264 1029 428 1107 earismmi,
443 1046 565 1110 semper
578 1028 656 1092 bene
669 1028 783 1091 ualere.

522 1315 909 1427 EPISTVLA
944 1314 1139 1425 LXVI.

268 1536 470 1593 cirumnvs
493 1536 556 1603 QVI
579 1536 624 1590 ΕΤ
648 1536 822 1592 fflsclvs
845 1536 1051 1592 Hormo
1068 1535 1129 1591 CVI
1145 1534 1190 1589 sl
1206 1532 1393 1587 PvPPmrto

738 1624 872 1677 FRATRI
890 1624 916 1677 S.

238 1846 252 1908 1
309 1831 376 1913 Ego
390 1831 433 1905 te,
447 1828 553 1907 frater,
568 1830 761 1895 credideram
782 1830 909 1895 tandem
931 1830 996 1895 mm
1016 1830 1057 1895 ud
1072 1828 1296 1913 paenitentiam
1314 1845 1431 1895 con-1·

266 1932 356 2009 uerti,
379 1932 461 2013 quod
480 1932 514 1996 in
534 1933 736 2014 praetoritum
755 1936 822 1997 tam
844 1932 972 1997 infanda
992 1934 1058 1997 tam
1080 1933 1185 2015 turpia
1204 1936 1271 1997 tam
1291 1932 1390 1997 etiam

266 2035 436 2119 gentilibus
451 2035 619 2100 execranda
632 2037 688 2100 aut
702 2036 840 2101 audisses
852 2036 891 2100 de
901 2036 990 2100 nobis
1002 2037 1119 2099 temere
1129 2036 1185 2099 aut
1195 2035 1388 2099 credidisses

265 2156 355 2221 porro
374 2139 480 2203 autem
499 2138 597 2203 etiam
615 2158 697 2203 nunc
716 2139 749 2202 in
764 2138 880 2203 litteris
896 2140 959 2203 tuis
976 2138 1192 2203 animaduerto
1208 2137 1341 2201 cundem
1355 2140 1389 2202 te

266 2240 366 2305 adbuc
388 2260 455 2307 esee
474 2242 528 2323 qui
546 2242 634 2323 prius
654 2241 766 2319 fueras,
786 2243 894 2307 eadem
920 2245 951 2307 te
966 2244 1004 2307 de
1018 2242 1107 2307 nobis
1121 2241 1242 2306 credere
1257 2242 1290 2304 et
1304 2240 1338 2304 iu
1351 2258 1388 2304 eo

266 2343 347 2425 quod
367 2342 534 2409 credideris
553 2362 747 2425 perseuerare
767 2346 799 2409 et
812 2364 851 2409 ne
865 2344 944 2409 forte
959 2344 1113 2409 claritatis
1127 2346 1160 2408 et
1173 2343 1316 2425 martyrii
1331 2343 1381 2407 tui
1393 2372 1421 2411 rs

267 2447 404 2531 dignitas
422 2448 529 2512 nostra
546 2447 823 2513 communicatione
845 2449 1029 2526 maculetur,
1050 2467 1151 2513 mores
1170 2448 1291 2511 nosnos
1315 2444 1391 2509 dili-

265 2551 375 2634 genter
395 2549 548 2631 inquirere
570 2552 692 2631 etpost
712 2550 812 2615 Deum
834 2552 968 2615 iudicem
988 2552 1042 2633 qui
1064 2550 1237 2615 sacerdotes
1259 2548 1337 2615 facit
1358 2550 1391 2612 te

265 2650 347 2715 uelle
367 2668 427 2714 non
451 2650 552 2715 diem
573 2652 611 2714 de
633 2669 683 2715 mo
704 2688 748 2697 —
770 2654 903 2733 quantus
925 2653 1007 2717 euim
1029 2672 1086 2735 ego
1110 2655 1202 2717 sum?
1229 2692 1259 2700 —
1281 2652 1337 2715 sed
1350 2651 1388 2715 de

264 2754 324 2819 Dei
338 2755 371 2817 et
384 2751 500 2818 Christi
516 2752 628 2817 iudicio
644 2753 788 2821 iudicare.
803 2755 969 2823 botentin
984 2756 1082 2819 Deum
1103 2774 1163 2820 non
1178 2755 1309 2831 credere,
1332 2755 1390 2819 boc

318 2995 523 3049 necemus
632 2995 812 3065 memnon
925 2978 1151 3059 arnualis
1252 2992 1395 3061 ΝΜ

266 3080 325 3147 (qui
340 3080 373 3148 Q)
481 3084 545 3135 ante
556 3081 616 3151 boel
627 3084 693 3135 tunc
704 3081 756 3136 ΟΒ
863 3096 967 3149 quoque
980 3098 1029 3135 nec.
1044 3082 1071 3135 L
1177 3080 1236 3133 det
1248 3078 1387 3147 episcopia]

265 3164 433 3233 episcopisC
523 3166 690 3234 obtemperat
701 3166 736 3229 L,
747 3166 934 3235 obtemperant
946 3166 998 3237 PQ
1094 3168 1112 3220 5
1124 3166 1251 3220 comitem
1263 3182 1291 3217 ee
1303 3164 1350 3218 sed
1362 3166 1389 3217 et

265 3251 538 3307 excomittereetc
687 3250 1388 3320 opto...ualereccaCE,beueualerenptouuc

265 3320 380 3391 rffffii
386 3353 490 3406 nempe
502 3338 531 3391 Ρ
613 3337 786 3406 canoni]
799 3320 862 3390 nis
868 3352 899 3390 ω
910 3337 1153 3392 neemanim
1170 3336 1209 3406 pe
1290 3334 1388 3403 enee]

265 3424 329 3478 aad
337 3424 374 3477 Μ
374 3425 412 3494 Q:
422 3423 589 3477 fraternitati
599 3422 717 3476 minute
725 3422 824 3490 (salute
833 3424 880 3493 θ’)
888 3424 984 3477 ualete.
997 3455 1018 3461 -
1031 3423 1074 3478 Ad
1083 3423 1237 3491 Epictetum
1246 3425 1275 3475 et
1282 3420 1387 3491 plebem

265 3510 488 3579 (ancyritanorum
507 3509 572 3563 add.
587 3510 630 3578 N)
650 3508 761 3577 explicit
772 3508 863 3577 LNQ,
885 3508 1005 3577 Explicit
1022 3508 1056 3562 ed
1068 3508 1222 3578 Epictetum
1238 3510 1267 3561 et
1283 3506 1387 3577 plebem

264 3598 483 3666 Aneyritaucrum
492 3598 521 3649 et
528 3595 649 3663 episcopo
660 3610 751 3647 eorum
761 3594 795 3657 P,
804 3593 846 3648 Ad
855 3594 1006 3663 Epictetum
1017 3596 1045 3647 et
1055 3594 1159 3663 plebem
1167 3593 1387 3647 Assuritaucrum

265 3682 299 3736 de
311 3684 459 3737 Fortunato
469 3682 604 3751 qnondam
615 3682 737 3749 episeopo
749 3664 821 3748 (effi
831 3680 863 3747 0)
875 3696 966 3733 eurum
978 3682 1042 3747 (occ.
1055 3680 1089 3746 0)
1101 3680 1212 3748 explicit
1223 3678 1281 3733 CR
1296 3708 1328 3717 -

317 3769 404 3837 Epist.
415 3768 510 3822 nm
524 3796 556 3808 -
569 3767 672 3836 Incipit
687 3765 722 3820 ad
732 3766 901 3820 Florentium
919 3782 998 3834 quem
1010 3769 1039 3819 et
1051 3766 1220 3836 Puppienum
1232 3766 1387 3835 (pupianum

268 3855 317 3921 To)
327 3855 491 3918 BLNPTo,
502 3854 639 3907 Florentio
650 3855 680 3907 et
690 3852 811 3921 Pupieno
823 3851 849 3905 b.
859 3869 881 3905 c.
891 3869 913 3906 e.
923 3853 961 3906 H.
975 3884 1009 3892 —
1020 3854 1038 3908 8
1049 3853 1149 3906 tascius
1159 3852 1242 3914 HNo,
1255 3852 1343 3905 aecius
1351 3849 1386 3912 B,

265 3939 368 3991 enacim
382 3940 413 4004 T,
425 3940 545 3993 thascius
557 3940 585 3992 1,
595 3940 628 3993 ic
639 3954 694 3992 ree.
706 3942 773 3991 Μ
874 3938 990 4007 pupiano
1003 3938 1043 3992 To
1151 3937 1185 3990 12
1198 3938 1246 3989 aut
1257 3935 1389 4003 audisses]

264 4023 496 4079 utendiseeeBL
587 4024 721 4078 lssiuoau
734 4025 769 4078 N
854 4023 989 4078 ldinouc
1005 4024 1032 4077 B
1124 4020 1358 4092 ltquod1qucN

265 4112 299 4165 16
311 4110 559 4180 communicatione]
574 4108 811 4164 commaculatione
822 4108 854 4162 N
934 4109 1141 4164 commaculetur
1151 4108 1186 4161 H
1262 4108 1291 4160 in
1302 4121 1388 4160 meres

264 4197 339 4261 ΒΨ,
351 4195 450 4249 inataie
461 4212 546 4250 morea
557 4196 591 4250 H
683 4196 715 4248 17
727 4194 775 4263 qui
787 4210 856 4248 crae.
868 4194 900 4248 ic
911 4195 939 4249 B
1031 4194 1098 4249 iacit
1109 4210 1161 4249 om.
1173 4194 1202 4248 Β
1295 4192 1330 4246 18
1341 4191 1389 4245 aed

263 4300 315 4338 om.
328 4282 386 4338 M>
