3025 4967
430 437 611 507 Epistulae
628 437 748 492 LXXV.
768 453 790 492 a
807 439 901 492 9-10.
1163 439 1225 505 817

107 593 168 658 bus
189 594 283 676 atque
305 593 338 658 in
361 593 439 658 alias
464 593 626 678 regionum
650 595 754 677 partes
780 593 1012 659 hmseuntibus
1039 593 1119 680 (erat
1144 595 1227 660 enim

102 697 285 763 transeurmi
305 695 439 763 facultas
454 714 489 762 eo
504 697 585 779 quod
606 697 778 779 persecutio
798 697 856 761 illa
869 714 931 762 non
944 715 1000 779 per
1014 698 1119 763 totum
1134 717 1226 763 mun-

99 799 177 864 dum
199 800 254 865 sed
275 799 385 864 localis
407 797 542 884 luisset),
570 799 696 864 emersit
718 799 792 864 istic
816 799 919 866 subito
941 801 1092 883 quaedam
1113 800 1227 866 mulier

97 920 178 984 quae
188 901 221 967 in
237 901 355 968 extasin
377 901 547 967 constituta
560 902 728 985 propheten
742 921 775 969 sa
789 904 958 987 praeferret
972 905 1004 969 et
1019 903 1107 986 quasi
1121 905 1226 968 sancto

79 1005 217 1088 sspiritu
240 1003 332 1088 plena
352 1004 397 1070 sic
416 1005 530 1088 agerat.
557 1004 604 1070 ita
625 1006 730 1070 autem
754 1006 973 1088 principalium
994 1003 1225 1071 daemoniorum

99 1109 220 1192 impetu
242 1107 399 1173 ferebatur
413 1109 449 1173 ut
462 1125 517 1190 per
538 1108 667 1194 longum
687 1111 812 1192 tompus
825 1109 1011 1176 sollicitaret
1026 1110 1057 1174 et
1072 1107 1227 1188 deciperet

101 1211 340 1290 fraternitatem,
367 1209 566 1277 admirabilia
590 1212 741 1294 quaedam
763 1212 795 1276 et
814 1212 991 1294 portentosa
1013 1209 1172 1294 perficiem
1194 1213 1227 1275 et

102 1315 204 1380 facere
219 1333 251 1380 se
265 1314 383 1380 terram
406 1315 524 1379 moueri
546 1315 756 1396 polliceretur:
784 1333 845 1380 non
869 1316 950 1399 quod
973 1315 1114 1381 daemoni
1136 1315 1227 1379 tanta

106 1419 187 1482 essct
199 1419 336 1499 potestas
351 1419 388 1483 ut
402 1419 517 1483 terram
532 1435 656 1483 mouere
670 1418 726 1484 aut
741 1417 929 1484 elementum
944 1420 1106 1484 concutere
1120 1418 1155 1483 ui
1170 1437 1227 1483 sua

71 1547 97 1585 ro
107 1520 235 1599 ualeret,
263 1520 317 1585 sod
339 1521 421 1604 quod
444 1537 674 1602 nonnumquam
696 1535 829 1602 nequam
850 1521 979 1604 spiritus
1000 1522 1173 1602 praesciens
1195 1521 1227 1584 et

105 1623 290 1707 intellegens
310 1625 410 1689 terrae
423 1623 544 1688 motum
558 1622 701 1687 futurum
716 1622 750 1689 id
764 1640 797 1688 se
811 1623 968 1690 facturum
983 1643 1049 1690 esee
1064 1623 1227 1689 simularet

101 1725 184 1810 quod
209 1725 352 1791 futurum
373 1725 502 1791 uideret.
529 1725 642 1807 quibus
664 1725 834 1791 mendaciis
854 1728 887 1792 et
906 1726 1128 1793 iactationibus
1150 1725 1225 1790 sub-

104 1831 211 1914 egerat
225 1830 346 1894 mentes
361 1829 555 1912 singulorum
570 1829 606 1892 ut
620 1827 680 1892 sibi
696 1827 875 1895 oboedirent
888 1832 920 1895 et
931 1849 1123 1913 quocumque
1137 1848 1226 1913 prae-

101 1932 220 2016 ciperet
240 1934 272 1997 ot
293 1931 419 1997 duceret
444 1931 653 2015 sequerentur,
676 1931 791 1996 faceret
813 1949 933 2015 quoque
952 1933 1115 1999 mulierem
1137 1932 1226 1996 illam

75 2034 206 2101 ucruda
226 2035 329 2100 hieme
350 2035 441 2100 nudis
463 2034 593 2118 pedibus
615 2056 671 2119 per
692 2054 815 2118 asperas
834 2035 922 2100 niues
944 2035 989 2102 ire
1003 2056 1059 2102 nec
1073 2035 1178 2100 uexari
1193 2035 1226 2100 in

101 2139 208 2220 aliquo
230 2141 286 2204 aut
305 2138 386 2203 laedi
402 2139 460 2204 illa
475 2140 673 2219 discursione,
694 2140 810 2205 diceret
825 2141 921 2206 etiam
936 2159 969 2205 ae
983 2142 1016 2206 in
1031 2140 1180 2204 Iudaeam
1195 2143 1227 2203 et

104 2242 356 2326 Hierosolymam
377 2241 522 2307 festinare
542 2243 661 2328 fingens
681 2245 843 2326 tamquam
863 2243 936 2308 inde
957 2243 1100 2307 uenisset.
1127 2241 1179 2307 hic
1194 2243 1226 2307 et
1301 2229 1304 2233 ¹

99 2364 198 2410 unum
214 2345 252 2410 de
266 2346 455 2428 presbyteris
470 2346 643 2423 Rusticum,
664 2347 742 2412 item
757 2348 790 2411 et
803 2346 903 2411 alium
924 2346 1086 2410 diaconum
1101 2343 1225 2422 fefellit,

101 2449 139 2512 ut
150 2447 251 2514 eidem
265 2449 390 2514 mulieri
406 2449 693 2515 commiscerentur:
709 2450 791 2532 quod
805 2450 898 2532 paulo
912 2449 982 2530 post
997 2449 1155 2513 detectum
1168 2452 1223 2514 eat.
1337 2494 1339 2497 -

69 2577 95 2617 so
104 2571 179 2616 nam
199 2551 303 2618 subito
323 2553 467 2637 apparuit
488 2553 539 2618 illi
554 2571 632 2618 unus
648 2552 686 2618 de
701 2553 859 2619 exorcistis
873 2553 924 2618 uir
937 2553 1084 2635 probatus
1098 2553 1131 2616 et
1145 2553 1227 2618 circa

100 2653 280 2738 religiosam
293 2656 489 2738 disciplinam
500 2656 576 2721 bene
588 2675 708 2740 semper
722 2658 931 2735 conuersatus,
947 2658 1001 2740 qui
1016 2657 1226 2723 exhortatione

100 2775 223 2840 quoque
244 2757 378 2823 fratrum
402 2759 609 2840 plurimorum
631 2761 685 2841 qui
700 2763 731 2826 et
746 2761 808 2844 ipsi
831 2759 928 2826 fortes
951 2779 986 2825 ac
1007 2760 1179 2826 laudabiles
1193 2761 1227 2824 in

101 2861 162 2926 fide
186 2862 314 2927 aderant
337 2861 489 2927 excitatus
514 2861 611 2927 erexit
633 2881 666 2928 se
681 2864 788 2928 contra
809 2863 901 2927 illum
925 2864 1072 2947 spiritum
1094 2881 1227 2944 nsquam

102 2965 342 3030 reuincendum:
370 2966 422 3047 qui
449 2965 560 3029 subtili
585 2964 710 3030 fallacia
733 2966 829 3030 etiam
850 2966 908 3030 hoc
929 2965 1022 3046 paulo
1044 2965 1116 3032 anta
1138 2983 1226 3047 prac-

70 3068 228 3132 sedixerat
250 3069 417 3133 uenturum
439 3068 591 3150 quondam
613 3086 755 3132 auersum
772 3070 804 3132 et
817 3068 1036 3150 temptatorem
1058 3066 1225 3131 infidelem.

102 3173 209 3236 tamur
229 3169 284 3235 ille
305 3171 456 3235 exorcista
470 3170 640 3252 inspiratus
655 3171 714 3234 Dei
729 3170 832 3254 gratia
845 3169 969 3234 fortiter
982 3170 1100 3234 restitit
1114 3172 1146 3235 et
1162 3188 1227 3235 esse

102 3274 197 3338 illum
217 3273 441 3355 nequissimum
463 3273 609 3356 spiritum
628 3273 682 3356 qui
700 3274 787 3355 prius
802 3275 927 3338 sanctus
942 3272 1110 3354 putabatur
1124 3274 1228 3337 osten-

104 3377 162 3441 dit.
195 3377 281 3458 atqui
307 3376 364 3440 illa
389 3375 503 3442 mulier
528 3394 610 3458 quae·
630 3377 718 3460 prius
743 3395 798 3458 per
822 3375 1005 3459 praestigias
1031 3377 1063 3440 ot
1087 3375 1227 3442 fallacias

154 3582 275 3650 lpartes
287 3579 425 3650 regionum
438 3579 471 3635 Io
608 3580 665 3634 det
677 3580 772 3635 mersit
787 3579 857 3649 ΘΜ*
993 3580 1227 3649 4c1asinM(a1·

101 3667 190 3720 stasin
205 3665 238 3735 Q)
351 3665 468 3733 profetin
482 3665 506 3735 Q
621 3666 803 3720 dictabantur
815 3666 846 3720 Ε
957 3666 972 3718 7
985 3682 1016 3719 ac
1027 3665 1165 3719 mirabilia
1176 3667 1199 3719 I

103 3755 280 3822 portentuosa
292 3752 315 3806 Ι
399 3752 416 3806 8
428 3755 527 3805 terram
542 3792 547 3804 .
559 3793 565 3805 .
577 3795 582 3804 .
596 3752 614 3805 l.
629 3756 647 3806 9
660 3753 691 3805 ut
702 3752 767 3806 add.
781 3753 819 3807 Μ
827 3769 861 3805 rra
874 3756 893 3807 2
903 3753 936 3806 ia
947 3767 1033 3821 maro.
1125 3752 1227 3805 moueri

102 3855 155 3894 orn.
168 3838 224 3908 EQ
331 3836 426 3892 demon
438 3838 527 3892 itanta
541 3838 571 3908 Q,
586 3838 679 3892 demon
690 3837 720 3891 in
732 3840 809 3891 tanta
820 3839 852 3892 E
956 3839 1015 3891 tui
1027 3838 1084 3908 sua]
1097 3838 1159 3892 uisu
1171 3837 1226 3902 EI,

97 3925 147 3980 aad
160 3925 182 3977 Ι
190 3940 210 3978 s.
223 3922 337 3977 tnelui
448 3924 482 3977 10
493 3940 673 3992 nonumquam
686 3924 713 3989 1,
724 3940 777 3979 non
788 3923 844 3993 EQ
951 3925 1064 3992 spiritus
1075 3939 1190 3992 nequam
1201 3941 1225 3989 o,

98 4009 247 4079 spiritual
342 4009 376 4064 14
387 4024 438 4077 qno
450 4033 476 4063 u
488 4025 538 4078 que
550 4011 584 4074 Ε,
599 3997 710 4078 quocfiq.
727 4009 750 4078 Q
843 4010 894 4064 illa
906 4009 977 4079 MQ¹
1073 4010 1106 4063 15
1117 4010 1227 4064 crudam

97 4096 215 4149 hiemem
227 4095 263 4148 Μ
264 4094 300 4164 0¹
394 4095 639 4149 17111ειιιιιο11ιιιιιιιι
652 4095 705 4165 EQ
799 4096 833 4150 18
844 4097 975 4150 rusticum
986 4102 1018 4149 at
1028 4097 1065 4149 eit
1077 4092 1227 4167 ἐπιχώριον

97 4183 194 4238 Boseth
284 4184 312 4236 ct
324 4197 374 4236 om.
389 4180 412 4250 Q
509 4181 543 4235 20
554 4181 602 4234 illo
614 4181 700 4251 Mo,
780 4181 1019 4235 electiotionem
1033 4181 1056 4251 Q
1146 4181 1181 4235 24
1192 4181 1227 4235 ad

96 4267 288 4323 reducendum
301 4267 476 4322 cananaea
595 4267 628 4320 aa
646 4265 782 4337 sparum]
795 4282 849 4321 non
860 4270 902 4321 aa
914 4250 972 4335 san
988 4267 1076 4335 mou·
1088 4267 1152 4332 forr.
1166 4266 1227 4320 aaa

97 4353 325 4422 menisspiritum
403 4353 451 4422 qui
468 4352 662 4422 putabaturM
676 4354 795 4422 (quiooa
810 4351 844 4423 Q)
920 4353 1053 4424 28atqui]
1066 4352 1227 4423 atqnels'IQ

202 4460 254 4506 111.
979 4441 1022 4505 52
