3025 4967
2 292 3 335 l

1073 398 1172 445 xxxv

47 534 84 597 dii
97 552 160 597 soa
175 533 256 610 siret
271 532 304 610 4,
320 530 372 609 De
383 530 500 597 dwbas
513 532 679 612 montibus,
696 530 846 615 Hpmaos
859 532 897 598 de
909 531 1044 614 Pascbo,
1063 531 1173 598 Oratio

2 646 3 691 i
48 646 91 727 l:
103 644 189 727 App.
208 643 331 727 mae),
349 641 468 721 Coeno,
483 642 606 709 Passio.
622 662 658 709 ex
672 644 729 711 hoc
744 645 848 711 codice
863 646 917 728 qui
931 645 1111 730 deperditus
1126 650 1173 711 eet

44 754 124 821 duxit
138 756 362 839 apographum
377 755 441 841 (X)
456 774 510 821 nec
525 755 628 839 ipsum
643 756 734 823 hodie
749 757 914 839 superstes.
936 757 1019 838 quod
1033 757 1088 839 qui
1101 774 1174 821 cou-

47 868 108 931 lecit
127 870 162 931 et
183 867 416 934 additamentis
442 868 571 949 receptis
593 870 624 932 et
645 867 816 949 scripturae
835 884 939 935 sacrm
959 868 1036 933 loeis
1055 868 1172 972 passim

47 979 201 1061 mugitis
217 979 383 1063 archetypi
399 980 446 1043 int
447 978 548 1062 cgrita
515 980 614 1044 tatem
628 978 795 1062 permultis
809 978 886 1044 locis
901 978 1047 1064 corrupit.
1064 998 1100 1044 ex
1114 976 1337 1058 hocconth

46 1092 216 1176 apographo
241 1092 305 1157 duo
328 1090 401 1155 libri
424 1089 570 1172 descripti
594 1091 668 1154 sunt
688 1088 741 1171 qui
763 1088 864 1154 adhuc
883 1090 1016 1169 exstant,
1040 1088 1214 1173 quorum
1205 1091 1264 1189 ,jhm
1240 1077 1316 1189 ἦ

44 1222 111 1268 mus
146 1206 201 1268 est
238 1202 432 1267 Pithceanus
463 1198 516 1285 (Q)
551 1220 630 1266 saec.
667 1200 784 1265 VIII-
788 1200 885 1265 VIIII
920 1201 972 1285 (cf.
1002 1200 1172 1285 Catalepta
1217 1215 1303 1268 serre

41 1314 164 1393 ficerat
186 1314 228 1379 do'
250 1313 446 1378 manuscrits
468 1296 527 1377 des
543 1310 759 1393 balatrones
774 1312 941 1396 publicatos
960 1313 1014 1378 dos
1033 1312 1175 1394 deporte-

45 1430 134 1489 neuls
156 1426 269 1491 Paris.
294 1425 329 1489 II
351 1445 381 1507 p.
404 1424 491 1509 249),
521 1425 574 1507 qui
601 1445 636 1489 ex
660 1422 910 1491 Oratorianorum
936 1423 1122 1491 bibliotheca
1144 1425 1177 1489 in

45 1535 225 1603 trecensem
251 1536 418 1622 migrauit,
442 1536 496 1600 uhi
519 1556 590 1601 enm
610 1557 639 1601 n.
656 1536 717 1601 581
742 1534 927 1619 insignitum
950 1553 1028 1601 anno
1050 1537 1176 1601 demum
1235 1569 1238 1573 1
1336 1545 1338 1548 ’

46 1649 130 1727 1868,
146 1668 226 1715 cum
241 1648 392 1713 editionis
407 1646 500 1713 huius
515 1647 680 1715 fasciculus
695 1648 779 1731 prior
791 1648 824 1712 in
835 1648 996 1730 publicum
1010 1647 1174 1730 prodisset,

42 1760 207 1845 diligenter
230 1759 369 1836 excussi;
394 1759 473 1825 alter
495 1760 544 1824 est
557 1758 749 1825 Monacensis
766 1756 828 1844 (M)
850 1759 913 1823 208
937 1776 1014 1824 saec.
1040 1758 1095 1823 IX.
1120 1760 1175 1842 qui

45 1871 91 1935 nbi
107 1872 308 1954 conspirant,
331 1870 413 1953 quod
433 1871 509 1937 locis
532 1873 624 1955 longe
639 1870 785 1953 plurimis
799 1870 993 1950 obsematur,
1014 1870 1176 1953 utriusque

40 1982 231 2065 scripturam
247 1970 405 2065 deperditi
420 1982 494 2047 libri
510 1980 573 2069 (X)
588 1983 770 2047 memoriam
784 1982 951 2047 testantem
967 2002 1028 2048 uno
1043 1983 1133 2068 signo
1149 1980 1177 2061 Q

40 2092 252 2177 conprehendi
279 2092 381 2169 uolui;
411 2092 466 2157 uhi
491 2110 563 2158 uere
590 2093 765 2176 discrepant
791 2094 843 2158 uel
869 2093 1050 2159 correcturis
1076 2094 1177 2175 prima

41 2204 172 2270 alterins
204 2204 312 2269 utrius
343 2224 454 2270 manus
480 2203 659 2269 oblitterata
687 2205 744 2282 est,
775 2204 850 2287 quid
880 2206 1010 2287 uterque
1035 2204 1177 2270 exhibeat

38 2318 185 2381 accurate
202 2315 374 2381 indicatur.
389 2316 454 2381 iarn
469 2334 541 2381 uero
552 2315 724 2383 cauendum
735 2317 792 2394 est,
808 2334 847 2381 ne
858 2317 928 2397 quis
939 2316 989 2381 his
1000 2315 1178 2400 discrepan-

37 2426 91 2491 liis
115 2428 224 2493 obiter
250 2427 401 2509 inspectis
425 2428 559 2493 alterum
582 2428 717 2493 codicem
733 2446 770 2491 ex
784 2428 881 2493 altero
902 2426 1026 2494 fluxisse
1047 2429 1176 2493 statuat.

35 2556 110 2603 sane
126 2539 312 2621 permultae
328 2539 499 2621 scripturae
513 2540 559 2605 ita
573 2540 647 2605 sunt
662 2541 854 2621 conparatae,
878 2540 915 2604 ut
929 2539 996 2605 siue
1011 2538 1178 2605 Monacen-

34 2666 102 2713 scm
120 2669 158 2714 ex
171 2646 325 2714 Trecensi
339 2649 407 2715 siue
416 2650 599 2731 ,Trecensem
612 2670 648 2716 ex
659 2650 838 2717 Monacensi
852 2652 1059 2734 propagatum
1074 2653 1177 2736 putas,

32 2762 205 2827 commode
227 2762 350 2844 possint
371 2762 527 2845 explicari,
549 2763 645 2829 immo
667 2782 727 2829 non
742 2761 863 2841 desunt,
886 2761 998 2844 quihus
1013 2761 1178 2827 Monacen-

32 2890 100 2937 sem
127 2873 301 2939 Trecensis
328 2874 539 2959 apographum
565 2893 631 2941 esee
656 2874 741 2939 haud
767 2875 898 2941 absurde
921 2872 1063 2951 conicias,
1089 2874 1179 2939 uelut

8 2978 60 3079 'p
78 3000 187 3079 suso
210 3002 303 3083 oros]
318 2967 409 3081 ‘tto
431 3022 505 3084 quos
519 3003 566 3068 Μ
559 3025 612 3088 ,p
629 3002 747 3087 osone
761 2998 990 3121 aracaio]
1006 3001 1179 3083 pascua

33 3128 83 3191 lia
99 3129 141 3210 Q,
162 3128 344 3210 parricida
356 3130 428 3194 olio
442 3130 491 3194 Μ·
484 3152 538 3215 ;.p
555 3132 650 3216 7629
665 3130 809 3213 clinicos]
824 3133 1009 3198 warenae
1024 3130 1061 3211 Q
1085 3132 1179 3198 cliot-

31 3260 82 3305 cos
99 3242 299 3308 ΜλειΜιΜωο
313 3241 356 3306 Μ.
378 3243 621 3308 controuersiam
642 3243 796 3309 dirimunt
812 3262 973 3327 meamque
989 3246 1179 3310 sententiam

31 3353 234 3417 confirmant
263 3352 393 3418 lacunae
422 3354 582 3436 utriusque
611 3353 724 3419 codicis
751 3356 907 3437 propriaer
936 3356 982 3420 sic
1007 3354 1035 3434 Q
1060 3354 1181 3420 omittit

31 3484 62 3546 p.
80 3464 191 3543 518,4
212 3465 259 3543 ia,
283 3464 379 3545 hild
399 3469 436 3545 et,
459 3464 552 3544 546,1
574 3460 856 3546 coactor,'581,17
875 3465 1041 3548 fratrebus,
1062 3465 1179 3545 ceals

29 3576 81 3651 dc,
116 3576 221 3660 596,6
246 3594 312 3655 noe,
343 3576 463 3656 625,22
491 3577 636 3658 qaodom,
666 3578 762 3660 629,3
787 3578 852 3657 qui,
882 3576 1010 3654 635,ss
1028 3581 1179 3660 marera,

34 3688 166 3763 essai
185 3688 367 3768 maora,
395 3665 491 3767 orac
514 3688 734 3768 moneamus,
762 3688 856 3771 urus
876 3688 982 3769 aopi
997 3690 1072 3764 aa,
1096 3687 1130 3752 sn
1147 3687 1182 3753 Μ
1238 3678 1242 3689 “

36 3798 132 3863 deest
154 3816 185 3881 p.
201 3799 324 3881 469,19
339 3818 407 3879 prce,
429 3799 527 3876 4903
536 3802 641 3880 patre,
662 3799 757 3878 508,8
773 3818 803 3879 a,
819 3799 914 3877 513,7
930 3818 977 3879 oo,
992 3798 1110 3879 520313
1123 3819 1180 3880 mc,

38 3910 162 3987 elale
176 3910 421 3993 praelationis,
437 3910 534 3989 6203
545 3908 718 3989 daelictus,
734 3910 851 3989 653,19
862 3910 900 3974 io
911 3909 972 3976 illo
982 3910 1069 3988 bora,
1085 3910 1181 3990 681,5

42 4027 251 4101 warmatia
274 4045 297 4089 a
324 4022 450 4105 cados,
478 4022 617 4103 74s,8.9
643 4040 708 4087 ooo
721 4058 764 4071 -
779 4021 873 4105 dipni
893 4023 953 4088 etc.
980 4021 1183 4087 inueniuntur

2 4186 3 4191 Μ
46 4136 140 4201 aim
161 4137 195 4202 Μ
218 4139 354 4221 uaoqm
382 4134 465 4200 uero
490 4134 538 4199 su
562 4134 741 4216 repausa,
767 4150 846 4216 quas
865 4133 899 4198 Μ
922 4152 958 4199 00
979 4115 1102 4215 siquo
1127 4132 1183 4197 uo-

50 4248 148 4333 scriph'
162 4254 235 4319 sunt
250 4249 453 4333 scripturam
480 4244 658 4310 continuam
674 4243 861 4327 quibusdam
884 4244 1061 4327 conpendiis
1082 4246 1185 4312 inter·

937 4348 978 4413 0*
