3025 4967
488 411 647 481 Epistula
663 409 901 466 oxu-LXVI.
1188 414 1249 479 727

131 567 180 632 ert
207 566 356 633 rebellem
384 568 532 633 aduersus
555 564 713 632 Christum
734 569 766 632 et
788 566 935 631 aduersus
963 566 1160 651 euangelium
1187 568 1254 633 eius

133 670 280 749 existere,
313 672 351 735 ut
382 688 452 735 eom
485 670 539 734 ille
572 670 669 735 dieat:
702 687 823 735 nonne
854 671 929 735 duo
962 689 1139 751 passeres
1171 688 1255 737 asse

129 773 307 837 ueueunt
330 774 368 839 et
392 775 530 839 neuosr
554 792 684 838 eorum
711 772 818 837 eadit
842 773 883 837 iu
904 775 1056 838 terram
1087 772 1168 839 sine
1189 793 1254 857 pa·

131 876 208 941 tris
230 876 455 960 uoluntate,
479 879 512 941 e’o
532 877 640 959 probet
661 876 807 941 maiestas
831 876 896 941 eius
912 877 943 942 oi
957 878 1072 942 ueritas
1095 878 1160 943 sine
1182 895 1254 943 oon-

111 980 266 1047 oooientia
288 981 320 1045 et
341 979 494 1063 permissu
518 979 577 1045 Dei
601 980 697 1044 etiem
719 980 838 1045 minora
859 996 919 1044 uon
941 979 1015 1059 fieri,
1038 982 1075 1044 tu
1097 981 1254 1047 existimes

132 1082 307 1147 sacerdotes
327 1082 387 1147 Dei
413 1082 478 1147 siue
503 1082 690 1148 couscientia
715 1081 781 1147 eius
806 1082 840 1146 in
867 1082 996 1148 ecelesia
1016 1084 1160 1149 ordinari.
1182 1104 1255 1149 uem

133 1185 257 1250 eredere
281 1187 363 1267 quod
385 1184 505 1269 indigni
526 1188 558 1251 et
577 1184 688 1250 moesti
708 1185 772 1249 sint
796 1184 849 1267 qui
871 1184 1051 1251 ordinantur
1072 1186 1147 1269 quid
1168 1187 1255 1252 aliud

134 1289 183 1352 est
205 1306 299 1369 quam
320 1288 500 1354 contendere
520 1289 601 1370 quod
624 1307 685 1353 nou
706 1308 725 1353 a
747 1287 813 1353 Deo
828 1306 883 1352 neo
899 1306 953 1369 per
968 1288 1068 1352 Deum
1083 1290 1254 1354 sacerdotes

135 1391 202 1455 eius
216 1390 249 1454 in
263 1391 391 1456 ecelesia
404 1391 640 1456 constituantur.

96 1520 126 1561 uo
177 1493 228 1557 An
247 1495 342 1575 putas
363 1496 465 1559 maius
487 1514 553 1560 esse
575 1493 613 1558 de
635 1514 685 1559 mo
706 1514 812 1559 meum
835 1513 928 1576 quam
949 1495 1008 1558 Dei
1031 1494 1284 1578 testimonium,2

135 1614 208 1660 oum
222 1596 373 1662 Dominus
388 1598 454 1681 ipso
468 1596 577 1663 doceat
592 1599 623 1662 ot
639 1598 724 1663 meat
744 1597 960 1663 testimonium
980 1614 1041 1661 non
1061 1614 1127 1662 esse
1147 1616 1256 1663 uerum

136 1700 165 1764 si
180 1700 250 1781 quis
263 1700 331 1783 ipse
345 1699 382 1765 do
397 1701 535 1766 notastis
551 1700 674 1779 existat,
690 1720 724 1766 eo
740 1700 821 1783 quod
836 1701 1045 1783 uuusquisque
1065 1700 1173 1783 utique
1194 1701 1255 1767 sibi

137 1801 243 1867 faueat
256 1822 312 1868 neo
326 1805 433 1869 eontra
454 1823 486 1869 se
508 1804 623 1886 aliquio
644 1802 760 1868 infesta
783 1805 814 1868 et
836 1804 966 1869 aduersa
987 1803 1156 1886 depromat,
1179 1803 1255 1870 fidos

132 1922 207 1971 uaro
228 1906 346 1971 sineera
359 1906 402 1971 sit
416 1907 569 1986 uentano,
594 1907 622 1971 si
636 1907 670 1971 iu
684 1906 964 1989 praedicationibus
978 1906 1092 1972 uostris
1113 1906 1193 1971 alius
1214 1908 1257 1973 sit

95 2008 327 2089 ropraodioator
351 2028 388 2074 ae
407 2010 506 2075 testis.
536 2010 567 2074 si
596 2010 883 2088 oestimonium
915 2009 1026 2091 iuquit,
1049 2009 1179 2077 dixero
1213 2011 1257 2077 de

132 2129 206 2189 ma,
240 2112 516 2176 testimonium
548 2132 673 2177 meum
704 2130 777 2177 non
807 2114 865 2177 oso
893 2132 1032 2177 uerum.
1068 2113 1174 2179 alius
1197 2116 1257 2179 est

134 2214 237 2278 enim
265 2214 329 2296 qui
356 2216 474 2280 testis
496 2215 706 2281 entismo.
741 2216 822 2298 quod
844 2216 871 2279 si
893 2216 959 2299 ipso
979 2216 1132 2281 Dominus
1155 2216 1258 2282 omnia

129 2316 331 2398 postmodum
367 2318 559 2383 iudicaturus
594 2319 640 2382 sio
674 2319 776 2383 noluio
809 2319 846 2383 de
879 2319 1057 2384 testimonio
1100 2338 1155 2384 suo
1197 2318 1257 2385 sibi

131 2418 225 2497 orodi,
252 2421 305 2485 sed
331 2420 445 2485 maluit
467 2420 505 2485 de
526 2420 640 2486 iudicio
663 2440 698 2487 ao
719 2422 896 2487 testimonio
922 2422 982 2487 Dei
1003 2422 1101 2505 patris
1123 2422 1256 2504 probari,

98 2523 252 2603 equanto
272 2523 374 2606 magis
389 2523 446 2588 hoo
460 2541 564 2588 seruos
585 2524 652 2589 eius
674 2525 836 2589 obseruare
858 2526 986 2606 oportet,
1010 2525 1063 2607 qui
1085 2524 1200 2591 iudicio
1223 2544 1258 2591 ao

81 2662 86 2669 ·
133 2625 313 2691 testimonio
339 2626 398 2690 Dei
422 2644 483 2691 nou
508 2627 677 2709 probantur
701 2629 845 2711 tantum,
872 2627 1047 2693 sedetiam
1075 2629 1257 2711 gloriantur.

131 2728 310 2809 praeualuit
321 2730 425 2793 autom
437 2729 519 2810 apud
534 2730 565 2794 te
579 2730 684 2795 eontra
699 2730 838 2795 diuinam
855 2730 1050 2809 seutentiam,
1067 2731 1172 2795 eontra
1186 2750 1258 2796 oon·

237 2983 254 3037 2
272 2984 371 3038 neten
389 2984 431 3049 10,
449 2985 491 3039 29.
565 2985 653 3039 1510.
671 2986 697 3049 5,
714 2985 756 3039 31.
775 2984 817 3039 32.

184 3222 254 3293 2ut]
267 3226 296 3277 ot
310 3226 337 3288 T
471 3226 490 3279 3
501 3226 616 3279 ueniunt
629 3226 784 3280 BL'NPP
919 3228 1012 3278 neuter
1025 3240 1114 3278 eorum
1126 3240 1177 3279 nou
1190 3223 1258 3291 HN,

133 3324 189 3362 non
199 3308 254 3363 BL
379 3312 480 3367 terreo
600 3315 677 3382 patre
688 3312 720 3366 N
844 3310 969 3379 4probat
984 3312 1014 3375 Τ,
1027 3310 1182 3380 comprobet
1193 3310 1229 3363 Η

136 3394 195 3448 eius
206 3410 256 3448 orn.
272 3396 298 3449 T
417 3398 614 3466 opermieroB
737 3397 875 3451 etiam...
889 3395 993 3450 deiero.
1008 3397 1035 3450 Β
1154 3397 1259 3449 minora

133 3479 289 3534 noanrd
301 3497 379 3550 cerr„
391 3482 539 3547 minimae,
551 3470 694 3537 moraPT
781 3481 918 3535 existimas
933 3483 998 3536 Par
1011 3498 1070 3535 exe
1162 3480 1257 3549 Seius]

135 3568 164 3619 et
176 3566 336 3634 permissum
348 3567 411 3621 add.
424 3568 452 3621 Β
554 3569 584 3622 in
596 3568 707 3622 ecelesia
719 3584 769 3622 om.
782 3567 811 3621 Β
914 3566 1065 3621 ‘Iinoertio
1168 3566 1258 3619 8oon-

130 3652 242 3707 teudore
254 3652 317 3721 LN,
340 3653 478 3708 concedere
493 3654 525 3719 V,
547 3654 657 3708 condere
678 3656 749 3717 PB,
769 3653 873 3707 eredere
891 3653 1021 3707 HPT’oe
1167 3651 1200 3704 10
1217 3667 1259 3705 ma

131 3755 183 3793 om.
197 3742 224 3793 P
324 3758 413 3795 meum
426 3758 475 3795 ooo.
489 3741 518 3794 B
619 3740 654 3794 12
666 3742 755 3794 exstat
768 3741 797 3794 P
897 3754 926 3792 eo
939 3738 1009 3807 quod
1020 3754 1069 3792 om.
1082 3738 1108 3791 Β
1206 3735 1259 3790 sibi

131 3842 183 3879 om.
197 3827 244 3890 P¹‚
259 3852 299 3881 m
311 3826 365 3882 sibi
381 3828 406 3881 Τ
506 3826 540 3880 13
551 3824 664 3880 reboant
674 3826 711 3889 N,
725 3824 830 3894 placeat
845 3824 870 3879 V
971 3822 1075 3891 aliquid
1084 3823 1112 3876 P
1215 3820 1260 3875 de·

132 3912 235 3979 primat
249 3914 275 3967 T
380 3913 405 3966 si
416 3912 481 3965 fides
494 3912 522 3966 Β
632 3911 666 3964 14
677 3926 741 3964 uera
751 3912 786 3965 N
889 3909 913 3962 si
925 3908 1026 3962 ueritas
1041 3909 1067 3962 Β
1170 3906 1193 3959 ei
1206 3920 1256 3960 ono

132 3998 249 4053 HLPT
394 3998 428 4052 15
439 3998 583 4066 inquit...
599 3996 784 4051 testimonium
795 3996 887 4049 om.T
1029 3992 1173 4061 laneum]
1187 3993 1258 4045 onim

135 4100 223 4138 meum
236 4084 264 4138 Β
366 4084 398 4138 17
412 4083 482 4153 quod
493 4083 526 4152 ei]
539 4083 610 4153 quod
620 4083 654 4136 N
747 4082 795 4151 qui
807 4082 896 4135 omnia
908 4082 951 4135 Po
1054 4080 1087 4133 18
1099 4078 1139 4132 rio
1150 4078 1257 4145 scripsi,

136 4170 174 4224 rit
184 4170 318 4235 BLNPo,
329 4186 379 4224 om.
391 4167 465 4223 HTo
559 4184 607 4222 auo
618 4168 775 4222 testimonio
787 4168 821 4221 H
915 4167 948 4220 19
960 4165 1007 4220 deo
1023 4167 1057 4221 Τ1
1151 4162 1259 4233 probari

137 4270 186 4309 osu
198 4254 231 4308 N
348 4254 479 4309 sasernis
492 4254 520 4308 Β
644 4254 678 4308 21
689 4254 745 4323 dei]
757 4254 843 4307 nostri
855 4252 920 4307 odd.
934 4252 962 4306 Β
1080 4252 1188 4303 tantum
1200 4264 1259 4317 pro·

135 4338 273 4393 bautan
374 4340 511 4394 Dantem
522 4356 571 4394 om.
585 4339 613 4393 Β
716 4342 848 4393 eteoutra
861 4339 919 4394 Poo
