<?xml version="1.0" encoding="UTF-8"?>
<!DOCTYPE html PUBLIC "-//W3C//DTD XHTML 1.0 Transitional//EN"
    "http://www.w3.org/TR/xhtml1/DTD/xhtml1-transitional.dtd">
<html xmlns="http://www.w3.org/1999/xhtml" xml:lang="en" lang="en">
 <head>
  <title>
</title>
<meta http-equiv="Content-Type" content="text/html;charset=utf-8" />
  <meta name='ocr-system' content='tesseract 3.04.00' />
  <meta name='ocr-capabilities' content='ocr_page ocr_carea ocr_par ocr_line ocrx_word'/>
</head>
<body>
  <div class='ocr_page' id='page_1' title='image "./corpusscriptoru16wissgoog_0674.png"; bbox 0 0 3025 4967; ppageno 0'>
   <div class='ocr_carea' id='block_1_1' title="bbox 320 400 1047 472">
    <p class='ocr_par' dir='ltr' id='par_1_1' title="bbox 320 400 1047 472">
     <span class='ocr_line' id='line_1_1' title="bbox 320 400 1047 472; baseline -0.012 -7"><span class='ocrx_word' id='word_1_1' title='bbox 320 403 386 470; x_wconf 84' lang='grc'>486</span> <span class='ocrx_word' id='word_1_2' title='bbox 717 400 863 457; x_wconf 77' lang='lat' dir='ltr'>Caecilii</span> <span class='ocrx_word' id='word_1_3' title='bbox 885 401 1047 472; x_wconf 77' lang='lat' dir='ltr'>Cypriani</span> 
     </span>
    </p>
   </div>
   <div class='ocr_carea' id='block_1_2' title="bbox 320 555 1507 2493">
    <p class='ocr_par' dir='ltr' id='par_1_2' title="bbox 321 555 1507 1264">
     <span class='ocr_line' id='line_1_2' title="bbox 323 555 1437 642; baseline -0.002 -20"><span class='ocrx_word' id='word_1_4' title='bbox 323 577 382 641; x_wconf 91' lang='lat' dir='ltr'>que</span> <span class='ocrx_word' id='word_1_5' title='bbox 396 559 478 623; x_wconf 88' lang='lat' dir='ltr'>recte</span> <span class='ocrx_word' id='word_1_6' title='bbox 489 557 604 636; x_wconf 87' lang='lat' dir='ltr'>iecerit,</span> <span class='ocrx_word' id='word_1_7' title='bbox 616 559 776 642; x_wconf 87' lang='lat' dir='ltr'>propterea</span> <span class='ocrx_word' id='word_1_8' title='bbox 787 577 858 622; x_wconf 90' lang='lat' dir='ltr'>oum</span> <span class='ocrx_word' id='word_1_9' title='bbox 869 557 912 623; x_wconf 90' lang='lat' dir='ltr'>sit</span> <span class='ocrx_word' id='word_1_10' title='bbox 922 574 1051 641; x_wconf 85' lang='lat' dir='ltr'>persone</span> <span class='ocrx_word' id='word_1_11' title='bbox 1063 557 1194 640; x_wconf 89' lang='lat' dir='ltr'>insignis</span> <span class='ocrx_word' id='word_1_12' title='bbox 1205 557 1227 638; x_wconf 90' lang='lat'><em>†</em></span> <span class='ocrx_word' id='word_1_13' title='bbox 1238 556 1269 622; x_wconf 89' lang='lat' dir='ltr'>et</span> <span class='ocrx_word' id='word_1_14' title='bbox 1279 555 1437 622; x_wconf 75' lang='lat' dir='ltr'>inminente</span> 
     </span>
     <span class='ocr_line' id='line_1_3' title="bbox 323 659 1507 744; baseline -0.001 -19"><span class='ocrx_word' id='word_1_15' title='bbox 323 679 419 744; x_wconf 85' lang='lat' dir='ltr'>agone</span> <span class='ocrx_word' id='word_1_16' title='bbox 434 680 525 743; x_wconf 91' lang='lat' dir='ltr'>quem</span> <span class='ocrx_word' id='word_1_17' title='bbox 538 661 679 744; x_wconf 78' lang='lat' dir='ltr'>permisit</span> <span class='ocrx_word' id='word_1_18' title='bbox 692 662 777 726; x_wconf 86' lang='lat' dir='ltr'>Deus</span> <span class='ocrx_word' id='word_1_19' title='bbox 790 661 824 725; x_wconf 92' lang='lat' dir='ltr'>in</span> <span class='ocrx_word' id='word_1_20' title='bbox 844 661 964 726; x_wconf 87' lang='lat' dir='ltr'>sacculo</span> <span class='ocrx_word' id='word_1_21' title='bbox 987 661 1173 726; x_wconf 81' lang='lat' dir='ltr'>colluctandi</span> <span class='ocrx_word' id='word_1_22' title='bbox 1195 678 1286 726; x_wconf 81' lang='lat' dir='ltr'>cause</span> <span class='ocrx_word' id='word_1_23' title='bbox 1300 659 1436 725; x_wconf 86' lang='lat' dir='ltr'>aduersa·</span> <span class='ocrx_word' id='word_1_24' title='bbox 1506 684 1507 713; x_wconf 57' lang='grc' dir='ltr'>ι</span> 
     </span>
     <span class='ocr_line' id='line_1_4' title="bbox 321 748 1507 848; baseline -0.002 -21"><span class='ocrx_word' id='word_1_25' title='bbox 321 763 404 828; x_wconf 87' lang='lat' dir='ltr'>rium</span> <span class='ocrx_word' id='word_1_26' title='bbox 418 764 512 828; x_wconf 89' lang='lat' dir='ltr'>simul</span> <span class='ocrx_word' id='word_1_27' title='bbox 527 783 597 829; x_wconf 88' lang='lat' dir='ltr'>oum</span> <span class='ocrx_word' id='word_1_28' title='bbox 619 765 717 830; x_wconf 88' lang='lat' dir='ltr'>seruis</span> <span class='ocrx_word' id='word_1_29' title='bbox 740 766 814 843; x_wconf 90' lang='lat' dir='ltr'>suis,</span> <span class='ocrx_word' id='word_1_30' title='bbox 836 765 943 830; x_wconf 91' lang='lat' dir='ltr'>uolens</span> <span class='ocrx_word' id='word_1_31' title='bbox 966 764 1060 830; x_wconf 82' lang='lat' dir='ltr'>etiam</span> <span class='ocrx_word' id='word_1_32' title='bbox 1082 764 1200 848; x_wconf 87' lang='lat' dir='ltr'>angelis</span> <span class='ocrx_word' id='word_1_33' title='bbox 1222 764 1254 828; x_wconf 89' lang='lat' dir='ltr'>et</span> <span class='ocrx_word' id='word_1_34' title='bbox 1268 762 1437 827; x_wconf 88' lang='lat' dir='ltr'>hominibus</span> <span class='ocrx_word' id='word_1_35' title='bbox 1506 748 1507 801; x_wconf 81' lang='lat' dir='ltr'>l</span> 
     </span>
     <span class='ocr_line' id='line_1_5' title="bbox 321 868 1438 952; baseline -0.002 -19"><span class='ocrx_word' id='word_1_36' title='bbox 321 870 474 933; x_wconf 77' lang='lat' dir='ltr'>certamen</span> <span class='ocrx_word' id='word_1_37' title='bbox 488 869 545 933; x_wconf 91' lang='lat' dir='ltr'>hoc</span> <span class='ocrx_word' id='word_1_38' title='bbox 566 869 779 949; x_wconf 83' lang='lat' dir='ltr'>manifestare,</span> <span class='ocrx_word' id='word_1_39' title='bbox 802 871 910 952; x_wconf 91' lang='lat' dir='ltr'>utqui</span> <span class='ocrx_word' id='word_1_40' title='bbox 925 869 1036 935; x_wconf 89' lang='lat' dir='ltr'>uicerit</span> <span class='ocrx_word' id='word_1_41' title='bbox 1050 870 1227 947; x_wconf 74' lang='lat' dir='ltr'>coronetur,</span> <span class='ocrx_word' id='word_1_42' title='bbox 1249 868 1351 934; x_wconf 90' lang='lat' dir='ltr'>uictus</span> <span class='ocrx_word' id='word_1_43' title='bbox 1372 884 1438 932; x_wconf 88' lang='lat' dir='ltr'>uero</span> 
     </span>
     <span class='ocr_line' id='line_1_6' title="bbox 321 971 1507 1056; baseline -0.008 -19"><span class='ocrx_word' id='word_1_44' title='bbox 321 972 524 1055; x_wconf 72' lang='lat' dir='ltr'>reportarent</span> <span class='ocrx_word' id='word_1_45' title='bbox 538 972 571 1036; x_wconf 92' lang='lat' dir='ltr'>in</span> <span class='ocrx_word' id='word_1_46' title='bbox 586 991 618 1036; x_wconf 88' lang='lat' dir='ltr'>se</span> <span class='ocrx_word' id='word_1_47' title='bbox 633 973 818 1038; x_wconf 77' lang='lat' dir='ltr'>sententiam</span> <span class='ocrx_word' id='word_1_48' title='bbox 838 992 916 1056; x_wconf 90' lang='lat' dir='ltr'>quae</span> <span class='ocrx_word' id='word_1_49' title='bbox 936 973 1026 1038; x_wconf 89' lang='lat' dir='ltr'>nobis</span> <span class='ocrx_word' id='word_1_50' title='bbox 1039 972 1237 1038; x_wconf 83' lang='lat' dir='ltr'>manifestata</span> <span class='ocrx_word' id='word_1_51' title='bbox 1251 973 1304 1036; x_wconf 91' lang='lat' dir='ltr'>est.</span> <span class='ocrx_word' id='word_1_52' title='bbox 1332 971 1363 1036; x_wconf 90' lang='lat' dir='ltr'>et</span> <span class='ocrx_word' id='word_1_53' title='bbox 1373 990 1456 1036; x_wconf 78' lang='lat' dir='ltr'>cums</span> <span class='ocrx_word' id='word_1_54' title='bbox 1506 1023 1507 1028; x_wconf 75' lang='grc'>,</span> 
     </span>
     <span class='ocr_line' id='line_1_7' title="bbox 321 1073 1439 1160; baseline 0 -21"><span class='ocrx_word' id='word_1_55' title='bbox 321 1073 481 1140; x_wconf 83' lang='lat' dir='ltr'>incumbat</span> <span class='ocrx_word' id='word_1_56' title='bbox 507 1075 595 1140; x_wconf 87' lang='lat' dir='ltr'>nobis</span> <span class='ocrx_word' id='word_1_57' title='bbox 621 1076 673 1157; x_wconf 89' lang='lat' dir='ltr'>qui</span> <span class='ocrx_word' id='word_1_58' title='bbox 702 1075 846 1140; x_wconf 91' lang='lat' dir='ltr'>uidemur</span> <span class='ocrx_word' id='word_1_59' title='bbox 866 1076 1032 1160; x_wconf 85' lang='lat' dir='ltr'>praepositi</span> <span class='ocrx_word' id='word_1_60' title='bbox 1059 1094 1124 1140; x_wconf 90' lang='lat' dir='ltr'>osse</span> <span class='ocrx_word' id='word_1_61' title='bbox 1146 1077 1178 1139; x_wconf 89' lang='lat' dir='ltr'>et</span> <span class='ocrx_word' id='word_1_62' title='bbox 1198 1074 1267 1140; x_wconf 87' lang='lat' dir='ltr'>uice</span> <span class='ocrx_word' id='word_1_63' title='bbox 1287 1075 1439 1156; x_wconf 85' lang='lat' dir='ltr'>pastorum</span> 
     </span>
     <span class='ocr_line' id='line_1_8' title="bbox 321 1175 1438 1264; baseline 0.001 -23"><span class='ocrx_word' id='word_1_64' title='bbox 321 1178 474 1243; x_wconf 88' lang='lat' dir='ltr'>custodire</span> <span class='ocrx_word' id='word_1_65' title='bbox 489 1196 624 1262; x_wconf 83' lang='lat' dir='ltr'>gregem,</span> <span class='ocrx_word' id='word_1_66' title='bbox 648 1178 675 1242; x_wconf 88' lang='lat' dir='ltr'>si</span> <span class='ocrx_word' id='word_1_67' title='bbox 690 1179 886 1264; x_wconf 82' lang='lat' dir='ltr'>neglegentes</span> <span class='ocrx_word' id='word_1_68' title='bbox 901 1179 1103 1256; x_wconf 87' lang='lat' dir='ltr'>inueniamur,</span> <span class='ocrx_word' id='word_1_69' title='bbox 1125 1178 1244 1243; x_wconf 87' lang='lat' dir='ltr'>dicetur</span> <span class='ocrx_word' id='word_1_70' title='bbox 1259 1177 1349 1241; x_wconf 89' lang='lat' dir='ltr'>nobis</span> <span class='ocrx_word' id='word_1_71' title='bbox 1363 1175 1438 1259; x_wconf 91' lang='lat' dir='ltr'>quod</span> 
     </span>
    </p>

    <p class='ocr_par' dir='ltr' id='par_1_3' title="bbox 320 1280 1507 2188">
     <span class='ocr_line' id='line_1_9' title="bbox 322 1280 1439 1365; baseline -0.001 -21"><span class='ocrx_word' id='word_1_72' title='bbox 322 1281 354 1345; x_wconf 92' lang='lat' dir='ltr'>et</span> <span class='ocrx_word' id='word_1_73' title='bbox 369 1281 610 1346; x_wconf 85' lang='lat' dir='ltr'>antecessoribus</span> <span class='ocrx_word' id='word_1_74' title='bbox 624 1281 739 1347; x_wconf 89' lang='lat' dir='ltr'>nostris</span> <span class='ocrx_word' id='word_1_75' title='bbox 761 1281 951 1359; x_wconf 87' lang='lat' dir='ltr'>dictumest,</span> <span class='ocrx_word' id='word_1_76' title='bbox 974 1282 1028 1363; x_wconf 91' lang='lat' dir='ltr'>qui</span> <span class='ocrx_word' id='word_1_77' title='bbox 1049 1282 1117 1347; x_wconf 92' lang='lat' dir='ltr'>tam</span> <span class='ocrx_word' id='word_1_78' title='bbox 1137 1280 1337 1365; x_wconf 90' lang='lat' dir='ltr'>neglegentes</span> <span class='ocrx_word' id='word_1_79' title='bbox 1358 1297 1439 1361; x_wconf 84' lang='lat' dir='ltr'>prae·</span> 
     </span>
     <span class='ocr_line' id='line_1_10' title="bbox 320 1382 1440 1468; baseline 0 -22"><span class='ocrx_word' id='word_1_80' title='bbox 320 1382 415 1464; x_wconf 91' lang='lat' dir='ltr'>positi</span> <span class='ocrx_word' id='word_1_81' title='bbox 427 1386 522 1462; x_wconf 87' lang='lat' dir='ltr'>erant,</span> <span class='ocrx_word' id='word_1_82' title='bbox 545 1383 688 1465; x_wconf 84' lang='lat' dir='ltr'>quoniam</span> <span class='ocrx_word' id='word_1_83' title='bbox 699 1384 857 1468; x_wconf 92' lang='lat' dir='ltr'>perditum</span> <span class='ocrx_word' id='word_1_84' title='bbox 868 1402 927 1449; x_wconf 91' lang='lat' dir='ltr'>non</span> <span class='ocrx_word' id='word_1_85' title='bbox 941 1384 1159 1466; x_wconf 84' lang='lat' dir='ltr'>mqnisiuimus</span> <span class='ocrx_word' id='word_1_86' title='bbox 1174 1385 1205 1448; x_wconf 92' lang='lat' dir='ltr'>et</span> <span class='ocrx_word' id='word_1_87' title='bbox 1219 1384 1373 1448; x_wconf 88' lang='lat' dir='ltr'>errantem</span> <span class='ocrx_word' id='word_1_88' title='bbox 1386 1398 1440 1446; x_wconf 92' lang='lat' dir='ltr'>non</span> 
     </span>
     <span class='ocr_line' id='line_1_11' title="bbox 321 1484 1467 1572; baseline -0.003 -20"><span class='ocrx_word' id='word_1_89' title='bbox 321 1487 506 1553; x_wconf 76' lang='lat' dir='ltr'>correximus</span> <span class='ocrx_word' id='word_1_90' title='bbox 521 1488 552 1551; x_wconf 91' lang='lat' dir='ltr'>et</span> <span class='ocrx_word' id='word_1_91' title='bbox 566 1487 709 1551; x_wconf 86' lang='lat' dir='ltr'>claudum</span> <span class='ocrx_word' id='word_1_92' title='bbox 731 1505 792 1552; x_wconf 94' lang='lat' dir='ltr'>non</span> <span class='ocrx_word' id='word_1_93' title='bbox 812 1487 1027 1572; x_wconf 88' lang='lat' dir='ltr'>eolligauimus</span> <span class='ocrx_word' id='word_1_94' title='bbox 1042 1488 1074 1552; x_wconf 86' lang='lat' dir='ltr'>et</span> <span class='ocrx_word' id='word_1_95' title='bbox 1087 1486 1200 1552; x_wconf 87' lang='lat' dir='ltr'>lactem</span> <span class='ocrx_word' id='word_1_96' title='bbox 1215 1503 1322 1551; x_wconf 91' lang='lat' dir='ltr'>eorum</span> <span class='ocrx_word' id='word_1_97' title='bbox 1337 1484 1467 1550; x_wconf 75' lang='lat' dir='ltr'>edebas-1·</span> 
     </span>
     <span class='ocr_line' id='line_1_12' title="bbox 321 1577 1440 1673; baseline -0.002 -19"><span class='ocrx_word' id='word_1_98' title='bbox 321 1608 391 1655; x_wconf 92' lang='lat' dir='ltr'>mus</span> <span class='ocrx_word' id='word_1_99' title='bbox 414 1590 446 1655; x_wconf 89' lang='lat' dir='ltr'>et</span> <span class='ocrx_word' id='word_1_100' title='bbox 465 1577 544 1655; x_wconf 87' lang='lat' dir='ltr'>lauis</span> <span class='ocrx_word' id='word_1_101' title='bbox 565 1607 669 1655; x_wconf 82' lang='lat' dir='ltr'>oenum</span> <span class='ocrx_word' id='word_1_102' title='bbox 691 1591 914 1673; x_wconf 86' lang='lat' dir='ltr'>operiebamur.</span> <span class='ocrx_word' id='word_1_103' title='bbox 944 1589 1074 1672; x_wconf 87' lang='lat' dir='ltr'>denique</span> <span class='ocrx_word' id='word_1_104' title='bbox 1087 1591 1119 1654; x_wconf 90' lang='lat' dir='ltr'>et</span> <span class='ocrx_word' id='word_1_105' title='bbox 1138 1590 1205 1671; x_wconf 85' lang='lat' dir='ltr'>ipae</span> <span class='ocrx_word' id='word_1_106' title='bbox 1219 1589 1371 1654; x_wconf 89' lang='lat' dir='ltr'>Dominus</span> <span class='ocrx_word' id='word_1_107' title='bbox 1385 1587 1440 1652; x_wconf 88' lang='lat' dir='ltr'>im-</span> 
     </span>
     <span class='ocr_line' id='line_1_13' title="bbox 321 1690 1440 1778; baseline -0.004 -21"><span class='ocrx_word' id='word_1_108' title='bbox 321 1693 408 1777; x_wconf 90' lang='lat' dir='ltr'>plens</span> <span class='ocrx_word' id='word_1_109' title='bbox 423 1711 500 1775; x_wconf 86' lang='lat' dir='ltr'>quae</span> <span class='ocrx_word' id='word_1_110' title='bbox 514 1694 600 1758; x_wconf 90' lang='lat' dir='ltr'>erant</span> <span class='ocrx_word' id='word_1_111' title='bbox 617 1693 734 1776; x_wconf 85' lang='lat' dir='ltr'>scripta</span> <span class='ocrx_word' id='word_1_112' title='bbox 747 1694 781 1757; x_wconf 91' lang='lat' dir='ltr'>in</span> <span class='ocrx_word' id='word_1_113' title='bbox 802 1693 870 1778; x_wconf 88' lang='lat' dir='ltr'>lege</span> <span class='ocrx_word' id='word_1_114' title='bbox 885 1695 917 1758; x_wconf 89' lang='lat' dir='ltr'>et</span> <span class='ocrx_word' id='word_1_115' title='bbox 939 1691 1099 1777; x_wconf 89' lang='lat' dir='ltr'>prophetis</span> <span class='ocrx_word' id='word_1_116' title='bbox 1121 1691 1209 1758; x_wconf 88' lang='lat' dir='ltr'>docet</span> <span class='ocrx_word' id='word_1_117' title='bbox 1231 1690 1354 1758; x_wconf 85' lang='lat' dir='ltr'>diceus:</span> <span class='ocrx_word' id='word_1_118' title='bbox 1377 1706 1440 1774; x_wconf 90' lang='lat' dir='ltr'>ego</span> 
     </span>
     <span class='ocr_line' id='line_1_14' title="bbox 322 1792 1507 1880; baseline -0.004 -20"><span class='ocrx_word' id='word_1_119' title='bbox 322 1813 404 1860; x_wconf 92' lang='lat' dir='ltr'>sum</span> <span class='ocrx_word' id='word_1_120' title='bbox 426 1796 558 1878; x_wconf 89' lang='lat' dir='ltr'>pastor</span> <span class='ocrx_word' id='word_1_121' title='bbox 579 1796 712 1877; x_wconf 90' lang='lat' dir='ltr'>bonus,</span> <span class='ocrx_word' id='word_1_122' title='bbox 741 1796 809 1878; x_wconf 90' lang='lat' dir='ltr'>qui</span> <span class='ocrx_word' id='word_1_123' title='bbox 831 1813 927 1880; x_wconf 94' lang='lat' dir='ltr'>pono</span> <span class='ocrx_word' id='word_1_124' title='bbox 948 1796 1115 1861; x_wconf 87' lang='lat' dir='ltr'>animam</span> <span class='ocrx_word' id='word_1_125' title='bbox 1136 1813 1257 1859; x_wconf 89' lang='lat' dir='ltr'>meam</span> <span class='ocrx_word' id='word_1_126' title='bbox 1278 1812 1347 1877; x_wconf 88' lang='lat' dir='ltr'>pro</span> <span class='ocrx_word' id='word_1_127' title='bbox 1368 1792 1440 1857; x_wconf 91' lang='lat' dir='ltr'>oui·</span> <span class='ocrx_word' id='word_1_128' title='bbox 1506 1830 1507 1855; x_wconf 66' lang='lat'>2</span> 
     </span>
     <span class='ocr_line' id='line_1_15' title="bbox 322 1895 1442 1964; baseline -0.004 -3"><span class='ocrx_word' id='word_1_129' title='bbox 322 1898 392 1962; x_wconf 90' lang='lat' dir='ltr'>bus</span> <span class='ocrx_word' id='word_1_130' title='bbox 424 1897 535 1963; x_wconf 89' lang='lat' dir='ltr'>meis.</span> <span class='ocrx_word' id='word_1_131' title='bbox 575 1899 870 1964; x_wconf 86' lang='lat' dir='ltr'>mercennarius</span> <span class='ocrx_word' id='word_1_132' title='bbox 902 1901 1030 1964; x_wconf 86' lang='lat' dir='ltr'>autem</span> <span class='ocrx_word' id='word_1_133' title='bbox 1059 1900 1098 1962; x_wconf 92' lang='lat' dir='ltr'>et</span> <span class='ocrx_word' id='word_1_134' title='bbox 1125 1897 1235 1964; x_wconf 90' lang='lat' dir='ltr'>onius</span> <span class='ocrx_word' id='word_1_135' title='bbox 1256 1916 1331 1962; x_wconf 93' lang='lat' dir='ltr'>non</span> <span class='ocrx_word' id='word_1_136' title='bbox 1359 1895 1442 1963; x_wconf 92' lang='lat' dir='ltr'>sunt</span> 
     </span>
     <span class='ocr_line' id='line_1_16' title="bbox 322 2001 1468 2085; baseline -0.003 -19"><span class='ocrx_word' id='word_1_137' title='bbox 322 2001 503 2085; x_wconf 88' lang='lat' dir='ltr'>propriae</span> <span class='ocrx_word' id='word_1_138' title='bbox 530 2018 638 2080; x_wconf 89' lang='lat' dir='ltr'>oues,</span> <span class='ocrx_word' id='word_1_139' title='bbox 670 2020 754 2066; x_wconf 90' lang='lat' dir='ltr'>cum</span> <span class='ocrx_word' id='word_1_140' title='bbox 780 2002 937 2067; x_wconf 88' lang='lat' dir='ltr'>uiderit</span> <span class='ocrx_word' id='word_1_141' title='bbox 963 2003 1095 2084; x_wconf 93' lang='lat' dir='ltr'>lupum</span> <span class='ocrx_word' id='word_1_142' title='bbox 1123 2001 1365 2079; x_wconf 90' lang='lat' dir='ltr'>uenientem,</span> <span class='ocrx_word' id='word_1_143' title='bbox 1392 2015 1468 2063; x_wconf 76' lang='lat' dir='ltr'>reo</span> 
     </span>
     <span class='ocr_line' id='line_1_17' title="bbox 322 2100 1441 2188; baseline -0.003 -19"><span class='ocrx_word' id='word_1_144' title='bbox 322 2104 473 2186; x_wconf 87' lang='lat' dir='ltr'>linquit</span> <span class='ocrx_word' id='word_1_145' title='bbox 494 2103 531 2168; x_wconf 89' lang='lat' dir='ltr'>et</span> <span class='ocrx_word' id='word_1_146' title='bbox 553 2103 672 2186; x_wconf 89' lang='lat' dir='ltr'>fugit,</span> <span class='ocrx_word' id='word_1_147' title='bbox 695 2105 860 2186; x_wconf 92' lang='lat' dir='ltr'>etlupus</span> <span class='ocrx_word' id='word_1_148' title='bbox 880 2104 1083 2188; x_wconf 88' lang='lat' dir='ltr'>dispargit</span> <span class='ocrx_word' id='word_1_149' title='bbox 1098 2121 1169 2168; x_wconf 86' lang='lat' dir='ltr'>eas.</span> <span class='ocrx_word' id='word_1_150' title='bbox 1200 2102 1255 2167; x_wconf 87' lang='lat' dir='ltr'>sed</span> <span class='ocrx_word' id='word_1_151' title='bbox 1275 2104 1309 2168; x_wconf 91' lang='lat' dir='ltr'>et</span> <span class='ocrx_word' id='word_1_152' title='bbox 1330 2100 1441 2168; x_wconf 88' lang='lat' dir='ltr'>Simoni</span> 
     </span>
    </p>

    <p class='ocr_par' dir='ltr' id='par_1_4' title="bbox 322 2205 1442 2493">
     <span class='ocr_line' id='line_1_18' title="bbox 323 2205 1442 2292; baseline -0.004 -20"><span class='ocrx_word' id='word_1_153' title='bbox 323 2208 367 2273; x_wconf 90' lang='lat' dir='ltr'>sic</span> <span class='ocrx_word' id='word_1_154' title='bbox 387 2207 479 2272; x_wconf 86' lang='lat' dir='ltr'>dicit:</span> <span class='ocrx_word' id='word_1_155' title='bbox 505 2206 646 2290; x_wconf 87' lang='lat' dir='ltr'>diligis</span> <span class='ocrx_word' id='word_1_156' title='bbox 669 2210 746 2272; x_wconf 81' lang='lat' dir='ltr'>me?</span> <span class='ocrx_word' id='word_1_157' title='bbox 769 2207 974 2290; x_wconf 84' lang='lat' dir='ltr'>respondit</span> <span class='ocrx_word' id='word_1_158' title='bbox 1001 2207 1138 2292; x_wconf 91' lang='lat' dir='ltr'>diligo.</span> <span class='ocrx_word' id='word_1_159' title='bbox 1169 2207 1226 2272; x_wconf 87' lang='lat' dir='ltr'>ait</span> <span class='ocrx_word' id='word_1_160' title='bbox 1248 2205 1299 2271; x_wconf 88' lang='lat' dir='ltr'>ei:</span> <span class='ocrx_word' id='word_1_161' title='bbox 1334 2223 1442 2290; x_wconf 84' lang='lat' dir='ltr'>pasce</span> 
     </span>
     <span class='ocr_line' id='line_1_19' title="bbox 322 2309 1441 2394; baseline -0.003 -20"><span class='ocrx_word' id='word_1_162' title='bbox 322 2328 412 2375; x_wconf 87' lang='lat' dir='ltr'>oues</span> <span class='ocrx_word' id='word_1_163' title='bbox 441 2327 552 2375; x_wconf 86' lang='lat' dir='ltr'>meas.</span> <span class='ocrx_word' id='word_1_164' title='bbox 581 2309 638 2373; x_wconf 92' lang='lat' dir='ltr'>hoc</span> <span class='ocrx_word' id='word_1_165' title='bbox 658 2310 788 2374; x_wconf 90' lang='lat' dir='ltr'>uerbum</span> <span class='ocrx_word' id='word_1_166' title='bbox 802 2309 920 2375; x_wconf 86' lang='lat' dir='ltr'>factum</span> <span class='ocrx_word' id='word_1_167' title='bbox 935 2328 971 2374; x_wconf 84' lang='lat' dir='ltr'>er</span> <span class='ocrx_word' id='word_1_168' title='bbox 985 2310 1056 2374; x_wconf 86' lang='lat' dir='ltr'>actu</span> <span class='ocrx_word' id='word_1_169' title='bbox 1070 2310 1137 2394; x_wconf 90' lang='lat' dir='ltr'>ipso</span> <span class='ocrx_word' id='word_1_170' title='bbox 1151 2325 1210 2391; x_wconf 92' lang='lat' dir='ltr'>quo</span> <span class='ocrx_word' id='word_1_171' title='bbox 1225 2310 1322 2374; x_wconf 89' lang='lat' dir='ltr'>cessit</span> <span class='ocrx_word' id='word_1_172' title='bbox 1336 2325 1441 2393; x_wconf 88' lang='lat' dir='ltr'>cogno-</span> 
     </span>
     <span class='ocr_line' id='line_1_20' title="bbox 322 2410 1089 2493; baseline -0.001 -15"><span class='ocrx_word' id='word_1_173' title='bbox 322 2413 446 2491; x_wconf 86' lang='lat' dir='ltr'>scimus,</span> <span class='ocrx_word' id='word_1_174' title='bbox 469 2411 500 2477; x_wconf 89' lang='lat' dir='ltr'>et</span> <span class='ocrx_word' id='word_1_175' title='bbox 515 2410 609 2478; x_wconf 84' lang='lat' dir='ltr'>ceteri</span> <span class='ocrx_word' id='word_1_176' title='bbox 625 2411 769 2493; x_wconf 89' lang='lat' dir='ltr'>discipuli</span> <span class='ocrx_word' id='word_1_177' title='bbox 784 2411 930 2478; x_wconf 91' lang='lat' dir='ltr'>similiter</span> <span class='ocrx_word' id='word_1_178' title='bbox 943 2413 1089 2478; x_wconf 82' lang='lat' dir='ltr'>fecerunt.</span> 
     </span>
    </p>
   </div>
   <div class='ocr_carea' id='block_1_3' title="bbox 292 2511 1506 3010">
    <p class='ocr_par' dir='ltr' id='par_1_5' title="bbox 292 2511 1506 3010">
     <span class='ocr_line' id='line_1_21' title="bbox 292 2511 1469 2600; baseline -0.005 -20"><span class='ocrx_word' id='word_1_179' title='bbox 292 2517 313 2580; x_wconf 77' lang='grc'><strong>2</strong></span> <span class='ocrx_word' id='word_1_180' title='bbox 365 2513 517 2580; x_wconf 86' lang='lat' dir='ltr'>Nolumus</span> <span class='ocrx_word' id='word_1_181' title='bbox 539 2532 621 2600; x_wconf 85' lang='lat' dir='ltr'>ergo,</span> <span class='ocrx_word' id='word_1_182' title='bbox 643 2513 753 2580; x_wconf 84' lang='lat' dir='ltr'>fratres</span> <span class='ocrx_word' id='word_1_183' title='bbox 768 2516 974 2594; x_wconf 88' lang='lat' dir='ltr'>dilectissimi,</span> <span class='ocrx_word' id='word_1_184' title='bbox 990 2515 1212 2580; x_wconf 86' lang='lat' dir='ltr'>mercennarios</span> <span class='ocrx_word' id='word_1_185' title='bbox 1226 2515 1372 2593; x_wconf 89' lang='lat' dir='ltr'>inueniri,</span> <span class='ocrx_word' id='word_1_186' title='bbox 1394 2511 1469 2578; x_wconf 78' lang='lat' dir='ltr'>sede</span> 
     </span>
     <span class='ocr_line' id='line_1_22' title="bbox 321 2617 1442 2700; baseline -0.002 -18"><span class='ocrx_word' id='word_1_187' title='bbox 321 2617 416 2682; x_wconf 90' lang='lat' dir='ltr'>bonos</span> <span class='ocrx_word' id='word_1_188' title='bbox 430 2617 577 2700; x_wconf 90' lang='lat' dir='ltr'>pastores,</span> <span class='ocrx_word' id='word_1_189' title='bbox 592 2635 662 2682; x_wconf 91' lang='lat' dir='ltr'>cum</span> <span class='ocrx_word' id='word_1_190' title='bbox 678 2619 783 2684; x_wconf 85' lang='lat' dir='ltr'>scietis</span> <span class='ocrx_word' id='word_1_191' title='bbox 794 2621 868 2684; x_wconf 85' lang='lat' dir='ltr'>tum</span> <span class='ocrx_word' id='word_1_192' title='bbox 881 2637 941 2685; x_wconf 93' lang='lat' dir='ltr'>non</span> <span class='ocrx_word' id='word_1_193' title='bbox 956 2617 1123 2683; x_wconf 91' lang='lat' dir='ltr'>minimum</span> <span class='ocrx_word' id='word_1_194' title='bbox 1137 2618 1312 2700; x_wconf 87' lang='lat' dir='ltr'>periculum</span> <span class='ocrx_word' id='word_1_195' title='bbox 1327 2618 1442 2683; x_wconf 88' lang='lat' dir='ltr'>incum-</span> 
     </span>
     <span class='ocr_line' id='line_1_23' title="bbox 321 2719 1506 2799; baseline -0.003 -13"><span class='ocrx_word' id='word_1_196' title='bbox 321 2721 403 2798; x_wconf 91' lang='lat' dir='ltr'>bere,</span> <span class='ocrx_word' id='word_1_197' title='bbox 418 2720 445 2784; x_wconf 90' lang='lat' dir='ltr'>si</span> <span class='ocrx_word' id='word_1_198' title='bbox 459 2737 518 2784; x_wconf 91' lang='lat' dir='ltr'>non</span> <span class='ocrx_word' id='word_1_199' title='bbox 529 2720 644 2786; x_wconf 90' lang='lat' dir='ltr'>hortati</span> <span class='ocrx_word' id='word_1_200' title='bbox 659 2720 782 2787; x_wconf 84' lang='lat' dir='ltr'>fueritis</span> <span class='ocrx_word' id='word_1_201' title='bbox 793 2721 903 2787; x_wconf 85' lang='lat' dir='ltr'>fratres</span> <span class='ocrx_word' id='word_1_202' title='bbox 916 2724 1036 2787; x_wconf 88' lang='lat' dir='ltr'>nostros</span> <span class='ocrx_word' id='word_1_203' title='bbox 1048 2723 1130 2786; x_wconf 89' lang='lat' dir='ltr'>stare</span> <span class='ocrx_word' id='word_1_204' title='bbox 1141 2721 1174 2785; x_wconf 91' lang='lat' dir='ltr'>in</span> <span class='ocrx_word' id='word_1_205' title='bbox 1184 2719 1243 2784; x_wconf 87' lang='lat' dir='ltr'>fide</span> <span class='ocrx_word' id='word_1_206' title='bbox 1258 2719 1441 2794; x_wconf 90' lang='lat' dir='ltr'>immobiles,</span> <span class='ocrx_word' id='word_1_207' title='bbox 1505 2794 1506 2799; x_wconf 7' lang='grc' dir='ltr'>η</span> 
     </span>
     <span class='ocr_line' id='line_1_24' title="bbox 322 2822 1506 2906; baseline -0.002 -17"><span class='ocrx_word' id='word_1_208' title='bbox 322 2843 360 2889; x_wconf 93' lang='lat' dir='ltr'>ne</span> <span class='ocrx_word' id='word_1_209' title='bbox 370 2841 514 2906; x_wconf 82' lang='lat' dir='ltr'>praeceps</span> <span class='ocrx_word' id='word_1_210' title='bbox 527 2824 634 2889; x_wconf 90' lang='lat' dir='ltr'>euntes</span> <span class='ocrx_word' id='word_1_211' title='bbox 646 2824 685 2891; x_wconf 94' lang='lat' dir='ltr'>ad</span> <span class='ocrx_word' id='word_1_212' title='bbox 697 2823 906 2890; x_wconf 79' lang='lat' dir='ltr'>idololatriam</span> <span class='ocrx_word' id='word_1_213' title='bbox 916 2825 1057 2891; x_wconf 86' lang='lat' dir='ltr'>funditus</span> <span class='ocrx_word' id='word_1_214' title='bbox 1073 2823 1243 2890; x_wconf 86' lang='lat' dir='ltr'>eradicetur</span> <span class='ocrx_word' id='word_1_215' title='bbox 1254 2822 1441 2889; x_wconf 85' lang='lat' dir='ltr'>fraternitas.</span> <span class='ocrx_word' id='word_1_216' title='bbox 1505 2832 1506 2839; x_wconf 77' lang='grc'>’</span> 
     </span>
     <span class='ocr_line' id='line_1_25' title="bbox 324 2925 1444 3010; baseline -0.002 -20"><span class='ocrx_word' id='word_1_217' title='bbox 324 2943 381 2990; x_wconf 85' lang='lat' dir='ltr'>neo</span> <span class='ocrx_word' id='word_1_218' title='bbox 403 2925 485 2990; x_wconf 88' lang='lat' dir='ltr'>enim</span> <span class='ocrx_word' id='word_1_219' title='bbox 500 2925 557 2992; x_wconf 90' lang='lat' dir='ltr'>hoe</span> <span class='ocrx_word' id='word_1_220' title='bbox 572 2927 671 2993; x_wconf 90' lang='lat' dir='ltr'>solum</span> <span class='ocrx_word' id='word_1_221' title='bbox 687 2927 790 2994; x_wconf 91' lang='lat' dir='ltr'>uerbis</span> <span class='ocrx_word' id='word_1_222' title='bbox 804 2945 860 2993; x_wconf 91' lang='lat' dir='ltr'>uos</span> <span class='ocrx_word' id='word_1_223' title='bbox 874 2929 1043 3006; x_wconf 88' lang='lat' dir='ltr'>hortamur,</span> <span class='ocrx_word' id='word_1_224' title='bbox 1066 2928 1119 2992; x_wconf 92' lang='lat' dir='ltr'>sed</span> <span class='ocrx_word' id='word_1_225' title='bbox 1141 2928 1256 2992; x_wconf 87' lang='lat' dir='ltr'>discere</span> <span class='ocrx_word' id='word_1_226' title='bbox 1270 2926 1414 3010; x_wconf 88' lang='lat' dir='ltr'>poteritis</span> <span class='ocrx_word' id='word_1_227' title='bbox 1428 2941 1444 2988; x_wconf 85' lang='lat' dir='ltr'>a</span> 
     </span>
    </p>
   </div>
   <div class='ocr_carea' id='block_1_4' title="bbox 425 3156 1505 3232">
    <p class='ocr_par' dir='ltr' id='par_1_6' title="bbox 425 3156 1505 3232">
     <span class='ocr_line' id='line_1_26' title="bbox 425 3156 1505 3232; baseline -0.003 -10"><span class='ocrx_word' id='word_1_228' title='bbox 425 3165 614 3231; x_wconf 77' lang='lat'>121010,11.</span> <span class='ocrx_word' id='word_1_229' title='bbox 636 3166 677 3220; x_wconf 85' lang='grc'><strong>12.</strong></span> <span class='ocrx_word' id='word_1_230' title='bbox 730 3167 766 3223; x_wconf 82' lang='grc'><strong>17</strong></span> <span class='ocrx_word' id='word_1_231' title='bbox 784 3165 821 3222; x_wconf 94' lang='lat' dir='ltr'>Io.</span> <span class='ocrx_word' id='word_1_232' title='bbox 834 3167 875 3232; x_wconf 92' lang='grc'><strong>21,</strong></span> <span class='ocrx_word' id='word_1_233' title='bbox 889 3166 930 3222; x_wconf 83' lang='lat' dir='ltr'>lb.</span> <span class='ocrx_word' id='word_1_234' title='bbox 1504 3156 1505 3219; x_wconf 78' lang='lat' dir='ltr'>i</span> 
     </span>
    </p>
   </div>
   <div class='ocr_carea' id='block_1_5' title="bbox 318 3356 1504 4389">
    <p class='ocr_par' dir='ltr' id='par_1_7' title="bbox 318 3356 1504 4389">
     <span class='ocr_line' id='line_1_27' title="bbox 374 3356 1447 3443; baseline -0.001 -17"><span class='ocrx_word' id='word_1_235' title='bbox 374 3373 529 3443; x_wconf 80' lang='lat' dir='ltr'>lptereap</span> <span class='ocrx_word' id='word_1_236' title='bbox 587 3371 768 3442; x_wconf 75' lang='lat' dir='ltr'>cnmlqnodo</span> <span class='ocrx_word' id='word_1_237' title='bbox 837 3372 1021 3442; x_wconf 85' lang='lat' dir='ltr'>imminentip</span> <span class='ocrx_word' id='word_1_238' title='bbox 1083 3356 1203 3443; x_wconf 58' lang='lat' dir='ltr'>idn&#39;sp</span> <span class='ocrx_word' id='word_1_239' title='bbox 1279 3388 1344 3428; x_wconf 89' lang='lat' dir='ltr'>cum</span> <span class='ocrx_word' id='word_1_240' title='bbox 1356 3372 1447 3427; x_wconf 83' lang='lat' dir='ltr'>adner-</span> 
     </span>
     <span class='ocr_line' id='line_1_28' title="bbox 322 3457 1447 3529; baseline -0.002 -15"><span class='ocrx_word' id='word_1_241' title='bbox 322 3458 421 3514; x_wconf 82' lang='lat' dir='ltr'>sarioo</span> <span class='ocrx_word' id='word_1_242' title='bbox 492 3459 660 3513; x_wconf 77' lang='lat' dir='ltr'>tisernosue</span> <span class='ocrx_word' id='word_1_243' title='bbox 675 3459 701 3513; x_wconf 82' lang='grc' dir='ltr'><strong><em>Τ</em></strong></span> <span class='ocrx_word' id='word_1_244' title='bbox 772 3457 1012 3528; x_wconf 76' lang='lat' dir='ltr'>bportaneritpu</span> <span class='ocrx_word' id='word_1_245' title='bbox 1085 3459 1229 3514; x_wconf 82' lang='lat' dir='ltr'>manifesta</span> <span class='ocrx_word' id='word_1_246' title='bbox 1240 3475 1312 3529; x_wconf 78' lang='grc' dir='ltr'>φμω</span> <span class='ocrx_word' id='word_1_247' title='bbox 1390 3473 1447 3512; x_wconf 89' lang='lat' dir='ltr'>cum</span> 
     </span>
     <span class='ocr_line' id='line_1_29' title="bbox 321 3543 1504 3617; baseline -0.003 -17"><span class='ocrx_word' id='word_1_248' title='bbox 321 3561 405 3617; x_wconf 71' lang='lat' dir='ltr'>einp</span> <span class='ocrx_word' id='word_1_249' title='bbox 462 3543 655 3603; x_wconf 81' lang='lat' dir='ltr'>bincumbant</span> <span class='ocrx_word' id='word_1_250' title='bbox 670 3544 723 3614; x_wconf 78' lang='grc' dir='ltr'>Τφ,</span> <span class='ocrx_word' id='word_1_251' title='bbox 742 3543 874 3598; x_wconf 80' lang='lat' dir='ltr'>incumbit</span> <span class='ocrx_word' id='word_1_252' title='bbox 886 3564 906 3613; x_wconf 82' lang='lat' dir='ltr'>p</span> <span class='ocrx_word' id='word_1_253' title='bbox 962 3545 1095 3613; x_wconf 84' lang='lat' dir='ltr'>pastorem</span> <span class='ocrx_word' id='word_1_254' title='bbox 1109 3547 1139 3610; x_wconf 80' lang='lat' dir='ltr'>T,</span> <span class='ocrx_word' id='word_1_255' title='bbox 1158 3544 1273 3614; x_wconf 69' lang='lat' dir='ltr'>pateris</span> <span class='ocrx_word' id='word_1_256' title='bbox 1287 3561 1329 3617; x_wconf 76' lang='grc' dir='ltr'>φυ</span> <span class='ocrx_word' id='word_1_257' title='bbox 1376 3543 1447 3597; x_wconf 79' lang='lat' dir='ltr'>lcu-</span> <span class='ocrx_word' id='word_1_258' title='bbox 1503 3558 1504 3611; x_wconf 66' lang='lat' dir='ltr'>l</span> 
     </span>
     <span class='ocr_line' id='line_1_30' title="bbox 322 3629 1447 3701; baseline -0.004 -15"><span class='ocrx_word' id='word_1_259' title='bbox 322 3631 490 3687; x_wconf 83' lang='lat' dir='ltr'>stodireml&#39;</span> <span class='ocrx_word' id='word_1_260' title='bbox 538 3629 711 3684; x_wconf 77' lang='lat' dir='ltr'>inueniuntur</span> <span class='ocrx_word' id='word_1_261' title='bbox 721 3646 770 3698; x_wconf 76' lang='grc' dir='ltr'>φιο</span> <span class='ocrx_word' id='word_1_262' title='bbox 820 3629 1023 3699; x_wconf 83' lang='lat' dir='ltr'>8neglegenter</span> <span class='ocrx_word' id='word_1_263' title='bbox 1035 3650 1078 3701; x_wconf 81' lang='grc' dir='ltr'>φμ</span> <span class='ocrx_word' id='word_1_264' title='bbox 1125 3630 1160 3684; x_wconf 87' lang='grc'><strong>10</strong></span> <span class='ocrx_word' id='word_1_265' title='bbox 1176 3629 1315 3701; x_wconf 82' lang='lat' dir='ltr'>clodump</span> <span class='ocrx_word' id='word_1_266' title='bbox 1370 3630 1447 3685; x_wconf 90' lang='lat' dir='ltr'>colle·</span> 
     </span>
     <span class='ocr_line' id='line_1_31' title="bbox 321 3715 1448 3787; baseline -0.002 -16"><span class='ocrx_word' id='word_1_267' title='bbox 321 3718 446 3786; x_wconf 80' lang='lat' dir='ltr'>gerimus</span> <span class='ocrx_word' id='word_1_268' title='bbox 461 3718 490 3780; x_wconf 84' lang='lat' dir='ltr'>T,</span> <span class='ocrx_word' id='word_1_269' title='bbox 509 3716 696 3785; x_wconf 81' lang='lat' dir='ltr'>collegimnsp</span> <span class='ocrx_word' id='word_1_270' title='bbox 766 3718 794 3770; x_wconf 88' lang='lat' dir='ltr'>et</span> <span class='ocrx_word' id='word_1_271' title='bbox 809 3731 896 3786; x_wconf 69' lang='lat' dir='ltr'>once</span> <span class='ocrx_word' id='word_1_272' title='bbox 952 3716 1078 3787; x_wconf 60' lang='lat' dir='ltr'>homer,</span> <span class='ocrx_word' id='word_1_273' title='bbox 1095 3715 1274 3785; x_wconf 80' lang='lat' dir='ltr'>lactmtemp</span> <span class='ocrx_word' id='word_1_274' title='bbox 1336 3718 1371 3771; x_wconf 92' lang='lat'>11</span> <span class='ocrx_word' id='word_1_275' title='bbox 1388 3729 1448 3785; x_wconf 89' lang='lat' dir='ltr'>ope·</span> 
     </span>
     <span class='ocr_line' id='line_1_32' title="bbox 321 3801 1408 3873; baseline 0 -16"><span class='ocrx_word' id='word_1_276' title='bbox 321 3802 447 3857; x_wconf 81' lang='lat' dir='ltr'>rebamur</span> <span class='ocrx_word' id='word_1_277' title='bbox 461 3803 492 3870; x_wconf 77' lang='lat' dir='ltr'>T,</span> <span class='ocrx_word' id='word_1_278' title='bbox 511 3802 689 3871; x_wconf 81' lang='lat' dir='ltr'>operiemurp</span> <span class='ocrx_word' id='word_1_279' title='bbox 736 3801 771 3854; x_wconf 91' lang='grc'><strong>12</strong></span> <span class='ocrx_word' id='word_1_280' title='bbox 787 3801 889 3870; x_wconf 85' lang='lat' dir='ltr'>scripta</span> <span class='ocrx_word' id='word_1_281' title='bbox 901 3805 1013 3856; x_wconf 88' lang='lat' dir='ltr'>erantw</span> <span class='ocrx_word' id='word_1_282' title='bbox 1057 3802 1134 3857; x_wconf 87' lang='lat' dir='ltr'>docet</span> <span class='ocrx_word' id='word_1_283' title='bbox 1147 3818 1196 3856; x_wconf 77' lang='lat' dir='ltr'>occ.</span> <span class='ocrx_word' id='word_1_284' title='bbox 1209 3817 1255 3872; x_wconf 82' lang='lat' dir='ltr'>pcc</span> <span class='ocrx_word' id='word_1_285' title='bbox 1302 3803 1408 3873; x_wconf 73' lang='lat' dir='ltr'>dixitp</span> 
     </span>
     <span class='ocr_line' id='line_1_33' title="bbox 320 3885 1503 3961; baseline 0.003 -21"><span class='ocrx_word' id='word_1_286' title='bbox 320 3887 354 3942; x_wconf 85' lang='lat'>15</span> <span class='ocrx_word' id='word_1_287' title='bbox 371 3904 434 3942; x_wconf 90' lang='lat' dir='ltr'>oues</span> <span class='ocrx_word' id='word_1_288' title='bbox 445 3887 549 3957; x_wconf 84' lang='lat' dir='ltr'>proprie</span> <span class='ocrx_word' id='word_1_289' title='bbox 561 3903 609 3956; x_wconf 71' lang='lat' dir='ltr'>pro</span> <span class='ocrx_word' id='word_1_290' title='bbox 682 3885 792 3955; x_wconf 69' lang='lat' dir='ltr'>uidete</span> <span class='ocrx_word' id='word_1_291' title='bbox 860 3887 1035 3956; x_wconf 84' lang='lat' dir='ltr'>relinquetT</span> <span class='ocrx_word' id='word_1_292' title='bbox 1107 3888 1140 3942; x_wconf 83' lang='lat'>16</span> <span class='ocrx_word' id='word_1_293' title='bbox 1157 3890 1186 3943; x_wconf 86' lang='lat' dir='ltr'>et</span> <span class='ocrx_word' id='word_1_294' title='bbox 1202 3887 1399 3958; x_wconf 80' lang='lat' dir='ltr'>dixitfngitoo</span> <span class='ocrx_word' id='word_1_295' title='bbox 1502 3926 1503 3961; x_wconf 45' lang='lat'>3</span> 
     </span>
     <span class='ocr_line' id='line_1_34' title="bbox 320 3968 1503 4044; baseline 0.001 -17"><span class='ocrx_word' id='word_1_296' title='bbox 320 3973 508 4043; x_wconf 70' lang='lat' dir='ltr'>eas]ouespw</span> <span class='ocrx_word' id='word_1_297' title='bbox 582 3973 614 4026; x_wconf 78' lang='grc'>11</span> <span class='ocrx_word' id='word_1_298' title='bbox 637 3973 771 4042; x_wconf 64' lang='lat' dir='ltr'>siderare</span> <span class='ocrx_word' id='word_1_299' title='bbox 845 3975 878 4028; x_wconf 89' lang='grc'>18</span> <span class='ocrx_word' id='word_1_300' title='bbox 895 3974 997 4028; x_wconf 81' lang='lat' dir='ltr'>iactum</span> <span class='ocrx_word' id='word_1_301' title='bbox 1009 3977 1086 4042; x_wconf 77' lang='lat' dir='ltr'>estp</span> <span class='ocrx_word' id='word_1_302' title='bbox 1156 3976 1215 4028; x_wconf 82' lang='lat' dir='ltr'>ecto</span> <span class='ocrx_word' id='word_1_303' title='bbox 1230 3975 1327 4044; x_wconf 77' lang='grc' dir='ltr'><strong><em>Τφμω</em></strong></span> <span class='ocrx_word' id='word_1_304' title='bbox 1399 3989 1450 4044; x_wconf 86' lang='lat' dir='ltr'>qno</span> <span class='ocrx_word' id='word_1_305' title='bbox 1502 3968 1503 3997; x_wconf 62' lang='lat'>¹</span> 
     </span>
     <span class='ocr_line' id='line_1_35' title="bbox 320 4058 1399 4131; baseline 0.003 -18"><span class='ocrx_word' id='word_1_306' title='bbox 320 4061 458 4129; x_wconf 82' lang='lat' dir='ltr'>gesturup</span> <span class='ocrx_word' id='word_1_307' title='bbox 525 4059 561 4115; x_wconf 87' lang='grc'>20</span> <span class='ocrx_word' id='word_1_308' title='bbox 577 4059 734 4113; x_wconf 81' lang='lat' dir='ltr'>uosiratres</span> <span class='ocrx_word' id='word_1_309' title='bbox 750 4058 922 4116; x_wconf 65' lang='lat' dir='ltr'>dilectimmi</span> <span class='ocrx_word' id='word_1_310' title='bbox 938 4077 973 4128; x_wconf 84' lang='lat' dir='ltr'>w,</span> <span class='ocrx_word' id='word_1_311' title='bbox 991 4059 1136 4116; x_wconf 78' lang='lat' dir='ltr'>tdnosc</span> <span class='ocrx_word' id='word_1_312' title='bbox 1202 4061 1399 4131; x_wconf 75' lang='lat' dir='ltr'>mercenariip</span> 
     </span>
     <span class='ocr_line' id='line_1_36' title="bbox 318 4143 1394 4218; baseline 0.003 -18"><span class='ocrx_word' id='word_1_313' title='bbox 318 4145 467 4201; x_wconf 87' lang='lat' dir='ltr'>inuenireo</span> <span class='ocrx_word' id='word_1_314' title='bbox 512 4145 546 4199; x_wconf 88' lang='grc'><strong>21</strong></span> <span class='ocrx_word' id='word_1_315' title='bbox 563 4143 658 4214; x_wconf 82' lang='lat' dir='ltr'>bonip</span> <span class='ocrx_word' id='word_1_316' title='bbox 703 4147 882 4215; x_wconf 75' lang='lat' dir='ltr'>tumortpp</span> <span class='ocrx_word' id='word_1_317' title='bbox 928 4147 1135 4218; x_wconf 61' lang='lat' dir='ltr'>itinerinnap</span> <span class='ocrx_word' id='word_1_318' title='bbox 1181 4147 1394 4203; x_wconf 65' lang='lat' dir='ltr'>samsom</span> 
     </span>
     <span class='ocr_line' id='line_1_37' title="bbox 319 4231 1451 4303; baseline 0.001 -17"><span class='ocrx_word' id='word_1_319' title='bbox 319 4231 397 4286; x_wconf 87' lang='lat' dir='ltr'>iidem</span> <span class='ocrx_word' id='word_1_320' title='bbox 412 4233 438 4286; x_wconf 83' lang='lat' dir='ltr'><em>T</em></span> <span class='ocrx_word' id='word_1_321' title='bbox 507 4231 543 4286; x_wconf 79' lang='grc'>28</span> <span class='ocrx_word' id='word_1_322' title='bbox 560 4231 589 4285; x_wconf 89' lang='lat' dir='ltr'>in</span> <span class='ocrx_word' id='word_1_323' title='bbox 600 4245 723 4301; x_wconf 85' lang='lat' dir='ltr'>praeceps</span> <span class='ocrx_word' id='word_1_324' title='bbox 735 4247 773 4300; x_wconf 78' lang='lat' dir='ltr'>po</span> <span class='ocrx_word' id='word_1_325' title='bbox 847 4233 951 4303; x_wconf 83' lang='lat' dir='ltr'>euntes]</span> <span class='ocrx_word' id='word_1_326' title='bbox 969 4233 1028 4287; x_wconf 86' lang='lat' dir='ltr'>iens</span> <span class='ocrx_word' id='word_1_327' title='bbox 1049 4233 1136 4290; x_wconf 76' lang='lat' dir='ltr'>Ocea.</span> <span class='ocrx_word' id='word_1_328' title='bbox 1211 4231 1381 4303; x_wconf 72' lang='lat' dir='ltr'>ydolatriam</span> <span class='ocrx_word' id='word_1_329' title='bbox 1394 4248 1451 4302; x_wconf 76' lang='grc' dir='ltr'>φιν,</span> 
     </span>
     <span class='ocr_line' id='line_1_38' title="bbox 318 4315 1345 4389; baseline 0.004 -19"><span class='ocrx_word' id='word_1_330' title='bbox 318 4315 445 4371; x_wconf 82' lang='lat' dir='ltr'>idolatria</span> <span class='ocrx_word' id='word_1_331' title='bbox 459 4317 502 4387; x_wconf 87' lang='grc' dir='ltr'>Τμ</span> <span class='ocrx_word' id='word_1_332' title='bbox 559 4317 594 4371; x_wconf 76' lang='lat' dir='ltr'>sl</span> <span class='ocrx_word' id='word_1_333' title='bbox 610 4316 801 4387; x_wconf 84' lang='lat' dir='ltr'>solumhsecp</span> <span class='ocrx_word' id='word_1_334' title='bbox 858 4318 949 4374; x_wconf 86' lang='lat' dir='ltr'>uerbis</span> <span class='ocrx_word' id='word_1_335' title='bbox 959 4334 1008 4375; x_wconf 77' lang='lat' dir='ltr'>om.</span> <span class='ocrx_word' id='word_1_336' title='bbox 1022 4335 1047 4374; x_wconf 78' lang='lat' dir='ltr'>co</span> <span class='ocrx_word' id='word_1_337' title='bbox 1105 4320 1244 4374; x_wconf 80' lang='lat' dir='ltr'>hortamur</span> <span class='ocrx_word' id='word_1_338' title='bbox 1259 4334 1345 4389; x_wconf 70' lang='lat' dir='ltr'>noso</span> 
     </span>
    </p>
   </div>
   <div class='ocr_carea' id='block_1_6' title="bbox 0 0 1519 4967">
    <p class='ocr_par' dir='ltr' id='par_1_8' title="bbox 0 0 1519 4967">
     <span class='ocr_line' id='line_1_39' title="bbox 0 0 1519 4967; baseline 0 0"><span class='ocrx_word' id='word_1_339' title='bbox 0 0 1519 4967; x_wconf 95' lang='lat' dir='ltr'> </span> 
     </span>
    </p>
   </div>
  </div>
 </body>
</html>
