3025 4967
346 404 446 451 nxxn
557 370 561 381 ¹

346 540 484 605 auarus
503 541 772 622 cucusenam
788 546 917 623 proptu
936 541 1116 623 spumeus
1134 528 1284 622 quosaam
1300 520 1470 607 auertiue

345 652 510 733 facultatis
521 653 661 735 iudipcrc
671 652 811 736 metuat,
828 657 860 718 et
870 654 1003 719 iudicem
1014 654 1156 720 subiecit.
1173 654 1357 737 exemplaria
1368 655 1468 720 huius

347 764 492 828 editionis
511 782 572 829 non
591 782 657 829 esse
677 782 746 828 rara
761 764 959 830 Audiffrodus
975 764 1160 849 (Cataloqus
1180 765 1470 830 historicocritiaus

346 873 761 947 Routaroarumscditiouum
784 894 860 940 saec.
881 875 954 941 XV
970 895 999 958 p.
1018 877 1092 960 140)
1116 876 1219 953 dooet;
1245 878 1312 960 ipse
1335 878 1468 943 adhibui

347 986 428 1068 quod
442 987 475 1051 in
490 987 676 1053 bibliotheca
686 987 914 1052 vindobonensi
930 980 1106 1053 asseruetur
1120 989 1199 1073 sign.
1216 990 1245 1055 5.
1257 990 1295 1054 D.
1310 988 1360 1053 19.
1376 1006 1467 1053 mera

346 1098 490 1163 editionis
504 1098 652 1181 principis
666 1099 810 1181 repetitio
825 1099 872 1164 est
886 1118 922 1164 ea
935 1118 1011 1181 quae
1026 1098 1133 1164 eodem
1148 1116 1225 1163 anno
1236 1098 1375 1175 Venetiis
1390 1118 1468 1184 pro·

347 1208 417 1287 diit,
433 1210 521 1274 ouius
532 1209 565 1273 in
576 1209 636 1273 tine
648 1211 783 1294 legitur:
799 1209 954 1291 Loquitur
966 1210 1056 1275 iactor
1067 1210 1110 1274 ad
1126 1210 1331 1275 Viudeiiuum
1342 1214 1469 1291 spireio-

345 1338 409 1384 sem
429 1321 592 1403 Artiyiccm
614 1323 670 1402 qui
689 1321 852 1403 Epistoias
877 1322 974 1386 Beati
995 1320 1153 1402 opposcit
1178 1322 1281 1386 recidit
1305 1324 1341 1385 iu
1365 1323 1470 1386 lucem

347 1431 395 1499 M.
413 1430 526 1497 0000.
543 1432 671 1497 LXXI
674 1454 684 1511 ,·
703 1433 784 1497 unde
804 1433 881 1497 miro
903 1451 1002 1499 errore
1021 1434 1087 1519 uiri
1105 1433 1189 1499 docti
1206 1452 1274 1498 eam
1290 1433 1470 1517 Spirensem

346 1543 434 1624 quasi
448 1541 554 1623 Spirae
575 1543 726 1625 prodisset
748 1543 899 1609 hrenrm.
925 1546 964 1611 ab
979 1546 1113 1611 editione
1134 1545 1272 1627 principe
1292 1546 1419 1611 nonnisi
1435 1547 1468 1611 in

345 1648 437 1719 rebus
459 1654 702 1738 orthographicis
722 1656 835 1735 differt,
859 1675 974 1722 nouum
994 1658 1130 1753 emersit
1142 1656 1222 1721 nihil
1236 1657 1358 1740 praeter
1371 1676 1467 1721 men·

346 1764 456 1829 dorum
477 1784 640 1830 numerum
659 1767 964 1851 typographioorum3
991 1787 1064 1833 nam
1085 1769 1139 1851 qui
1159 1788 1227 1834 eam
1249 1769 1467 1835 correctiorem

316 1875 475 1941 'laudant
503 1896 673 1959 numquam
701 1878 869 1960 inspexisse
899 1880 1053 1947 uidentur
1089 1881 1245 1965 exemplar
1274 1881 1468 1946 bibliotheca

347 1986 590 2053 vindobonensis
619 1992 757 2056 assortiat
783 1991 861 2075 sign.
885 1992 915 2056 5.
940 1992 978 2056 D.
1005 1993 1053 2057 18.
1083 1993 1166 2058 idem
1192 1993 1277 2058 ualet
1303 1992 1340 2057 de
1366 1993 1469 2058 altera

346 2099 464 2166 Veneta
483 2118 510 2164 a.
528 2100 619 2179 1483,
643 2102 731 2166 cuius
751 2102 784 2166 in
806 2103 889 2167 calce
910 2104 1026 2186 exstat:
1051 2101 1136 2167 Diui
1154 2103 1286 2169 Caecilii
1303 2103 1469 2185 Cypriaci

345 2212 413 2275 uiri
423 2211 616 2275 sanctissimi
627 2217 656 2276 ct
666 2212 909 2293 eloquentissimi
922 2200 1070 2294 epistolas
1083 2216 1276 2281 exactissime
1291 2217 1468 2297 recoquitas

345 2321 450 2386 huus
466 2322 596 2388 chctus
602 2321 765 2387 Domiuici
775 2324 864 2405 pilius
873 2320 967 2389 solita
977 2325 1147 2409 diiiqeutia
1154 2328 1314 2407 impressit
1330 2326 1471 2391 Venetiis

346 2452 433 2498 auuo
453 2434 567 2499 salutis
582 2435 631 2498 M.
648 2434 763 2500 0000.
779 2435 981 2501 LXXXIII.
1009 2436 1121 2501 Pridie
1141 2438 1253 2503 Nouus
1272 2436 1467 2503 Decmubrcs.

346 2565 418 2610 nam
439 2546 558 2611 inedita
580 2565 657 2628 quae
677 2546 766 2611 illam
787 2548 928 2613 exhibere
948 2548 1127 2615 fabulantur
1146 2550 1233 2615 nulla
1253 2552 1336 2627 sunt,
1361 2568 1420 2614 nec
1435 2552 1469 2614 in

346 2658 452 2722 ordine
473 2660 527 2722 aut
544 2658 576 2721 in
591 2658 753 2741 scripturis
774 2660 917 2725 editionis
931 2660 1087 2727 Romanae
1107 2662 1277 2727 leuissimis
1298 2662 1391 2727 rebus
1414 2680 1468 2725 er-

347 2768 444 2850 ceptis
456 2769 620 2850 quicquam
631 2771 679 2835 est
688 2772 856 2837 mutatum.
868 2772 922 2838 sed
932 2772 1063 2857 singulis
1072 2772 1214 2855 epistulis
1223 2771 1403 2854 libellisque
1415 2772 1470 2855 qui

346 2880 461 2962 partim
484 2882 635 2946 tractatus
650 2883 768 2965 partim
783 2902 935 2949 sermones
951 2883 1161 2950 inscribuntur
1176 2884 1343 2949 summaria
1358 2882 1471 2948 breuia

346 2992 588 3073 praemittuntur
620 2993 787 3075 eademque
815 2996 848 3059 in
877 2996 1018 3061 tabulam
1048 2995 1172 3061 redacta
1200 2997 1270 3077 post
1298 2995 1469 3078 epistulam

345 3104 567 3170 dedicatoriam
592 3106 626 3171 0.
649 3104 686 3169 de
708 3105 747 3169 P.
764 3107 873 3171 Iacobo
894 3106 1082 3171 Grasolarto
1104 3107 1170 3171 ciui
1191 3110 1298 3171 rimato
1319 3106 1471 3187 scriptam

346 3215 503 3299 leguntur,
515 3218 822 3301 posteaHieronymi
834 3220 865 3283 et
875 3218 1030 3284 Lactantii
1041 3218 1219 3284 testimonia
1230 3219 1268 3283 de
1277 3216 1307 3283 S.
1317 3216 1471 3301 Cypriane

347 3327 468 3392 adiecta
490 3330 571 3393 sunt.
598 3329 752 3413 exemplar
774 3332 952 3395 asseruatur
975 3331 1008 3394 in
1030 3330 1217 3395 bibliotheca
1238 3329 1470 3394 vindobonensi

348 3440 427 3523 sign.
445 3440 495 3505 16.
510 3440 543 3503 F.
559 3442 588 3506 9,
610 3441 735 3507 maioris
759 3443 909 3533 momenti
931 3443 1003 3507 sunt
1026 3441 1174 3508 editiones
1196 3443 1274 3507 duae
1295 3460 1319 3507 s.
1334 3440 1356 3505 l.
1378 3442 1413 3505 et
1429 3461 1469 3519 a,

347 3570 478 3633 quarum
490 3570 584 3616 unam
595 3552 677 3617 circa
688 3572 803 3618 annum
817 3553 898 3619 1477
911 3552 993 3637 apud
1002 3553 1168 3619 hibertum
1176 3554 1288 3619 Kunne
1298 3552 1336 3618 de
1344 3554 1470 3618 Duder-

319 3670 324 3681 '
346 3664 431 3729 stadt
451 3647 727 3747 Memmingonsem
749 3665 933 3746 impressam
948 3682 1020 3729 esse
1040 3665 1159 3731 Panner
1180 3664 1317 3749 (Auuai.
1341 3669 1405 3745 tpp.
1422 3662 1470 3728 IV

348 3775 410 3840 119
421 3794 450 3838 n.
462 3774 539 3859 lot)
555 3774 875 3860 eructuantem.
892 3780 955 3857 tpp.
972 3777 1029 3855 12,
1045 3777 1149 3843 raon.
1162 3776 1261 3862 5895)
1274 3777 1393 3842 docent.
1411 3776 1470 3859 qui

348 3906 416 3952 eam
428 3886 555 3950 curabat
567 3886 715 3967 epistulas
726 3886 908 3969 libellosque
919 3888 1004 3953 nullo
1015 3888 1121 3953 ordino
1133 3887 1318 3953 editionibus
1329 3886 1470 3951 exhibita

257 4014 260 4031 ¹
348 3999 380 4063 in
395 3999 516 4063 certum
535 3996 689 4079 quendam
703 3998 841 4063 ordinem
856 3998 994 4082 digerere
1007 3998 1053 4064 ita
1068 3999 1194 4065 conatus
1210 4000 1267 4076 ost,
1293 4000 1330 4062 ut
1343 3997 1469 4063 libellos

347 4109 557 4191 epistulasque
571 4108 703 4174 maiores
713 4109 831 4175 libellis
843 4110 1008 4175 similiores
1019 4129 1113 4192 quam
1125 4110 1267 4193 epistulis
1278 4107 1470 4192 praeciperet

350 4220 497 4302 epistulas
508 4221 642 4303 reliquas
652 4221 697 4285 eis
704 4220 900 4305 subiungens.
913 4221 1021 4287 tabula
1029 4222 1232 4303 epistularum
1239 4221 1408 4305 praemissa
1417 4238 1472 4284 er-

347 4333 411 4396 stat
418 4332 591 4414 inscriptio:
603 4330 714 4415 Outttj
723 4330 875 4413 Carataci
884 4332 1035 4414 Episcopi
1043 4333 1276 4416 comaqiucusis
1285 4335 1314 4397 at
1321 4331 1471 4396 martiris
