3025 4967
406 379 581 448 Epistulae
599 378 709 432 XXXI.
729 394 749 431 e.
768 378 844 431 4-6.
1116 382 1177 446 561

71 538 147 619 quod
168 554 228 601 non
248 536 394 601 cessimus
414 536 557 613 uicimus,
582 536 613 599 et
632 536 762 601 nefarias
784 537 890 599 eontra
910 524 1077 599 uentamm
1098 537 1182 619 leges

70 641 252 723 subegimus.
268 642 299 704 e't
310 640 337 705 si
348 640 482 705 nondum
496 641 636 703 nostrum
651 640 832 723 sanguinem
842 637 989 717 fudimus,
1004 638 1058 703 sed
1069 638 1183 703 fudisse

67 744 165 824 parati
187 761 302 821 sumus,
329 760 417 807 nemo
438 742 516 807 hano
537 743 694 807 dilationis
714 742 836 806 nostrae
855 761 974 807 moram
989 742 1182 807 elementiam

68 847 190 923 iudicet,
220 864 298 928 quae
327 846 413 912 nobis
443 845 547 923 officit,
575 846 651 927 quae
680 845 926 926 inpedimentum
955 845 1071 929 gloriae
1097 845 1182 922 facit,

54 970 147 1031 equae
168 949 287 1015 eaelum
303 948 414 1027 differt,
437 968 514 1031 quae
529 949 696 1033 gloriosum
711 948 770 1013 Dei
785 952 981 1030 conspectum
995 948 1122 1012 inhibet.
1149 948 1182 1011 in

70 1052 246 1117 huiusmodi
272 1052 354 1116 enim
381 1052 545 1116 certamine
568 1053 599 1115 et
621 1052 652 1116 in
675 1050 853 1126 huiusmodi
873 1052 929 1115 ubi
951 1053 1087 1115 decertat
1108 1051 1183 1114 fides

69 1155 183 1237 proelio
204 1171 321 1218 moram
344 1158 495 1237 martyres
518 1172 577 1219 nen
593 1154 750 1219 distulisse
765 1173 838 1218 uera
853 1154 1015 1218 elementia
1030 1156 1085 1218 ost.
1112 1156 1183 1234 peto

69 1278 151 1343 erge,
167 1258 317 1340 Cypriane
339 1259 504 1335 carissime,
529 1261 565 1322 ut
585 1276 639 1321 nos
661 1257 763 1341 gratie
783 1277 839 1322 sua
853 1258 1004 1323 Dominus
1026 1257 1127 1339 magis
1147 1276 1183 1321 ee

69 1362 170 1444 magis
182 1362 213 1425 in
225 1361 290 1426 dies
306 1362 443 1445 singulos
459 1380 594 1443 quosque
608 1361 732 1425 uberius
747 1363 840 1442 atque
850 1361 1029 1443 propensius
1040 1363 1072 1425 et
1084 1363 1183 1424 armet

41 1488 62 1524 ro
71 1466 100 1527 et
114 1464 272 1541 inlustret,
294 1465 413 1529 uiribus
434 1465 588 1545 potentiae
602 1464 705 1529 firmet
719 1482 754 1528 ae
768 1464 897 1541 roboret,
923 1466 959 1528 ut
974 1481 1034 1545 qua
1047 1462 1184 1544 optimus

67 1567 234 1647 imperator
248 1568 365 1631 milites
381 1585 460 1645 sues,
476 1586 551 1649 quos
567 1586 662 1649 usque
678 1567 777 1632 adhue
788 1566 820 1630 in
832 1567 941 1630 eastris
956 1566 1084 1630 eareoris
1099 1584 1183 1629 exer·

68 1671 132 1733 cuit
149 1672 180 1733 et
195 1671 347 1750 probauit,
368 1672 516 1753 producet
536 1671 599 1735 iam
621 1672 660 1736 ad
675 1670 824 1753 propositi
839 1669 1015 1734 certaminis
1031 1687 1183 1750 eampum.

68 1772 207 1855 porrigat
221 1774 308 1838 nobis
324 1794 410 1839 arma
425 1775 539 1852 diuina,
556 1775 613 1839 illa
628 1776 691 1839 tela
705 1793 783 1856 quae
797 1773 937 1838 nesciunt
950 1772 1042 1850 niuei,
1058 1772 1184 1835 loriesm

68 1875 210 1940 iustitiae
224 1895 301 1958 quae
315 1896 484 1959 numquam
499 1877 576 1955 solet
592 1878 703 1961 rumpi,
720 1877 853 1958 elipeum
864 1876 936 1941 fidei
948 1876 1001 1957 qui
1012 1892 1071 1939 non
1083 1876 1185 1956 potest

40 2002 61 2039 n
69 1977 227 2060 perforari,
255 1980 392 2061 [galeam
418 1980 526 2045 salutis
552 2000 630 2062 quae
645 1997 703 2045 non
728 1982 830 2062 petest
851 1979 952 2063 frangi
974 1980 1019 2061 et]
1045 1978 1185 2061 gladium

69 2081 198 2161 spiritus
215 2082 268 2162 qui
283 2100 343 2146 non
358 2084 516 2147 consueuit
531 2082 693 2147 uulnerari.
718 2084 767 2146 eui
782 2082 865 2147 enim
879 2082 980 2165 magis
995 2083 1068 2146 haee
1082 2082 1118 2144 ut
1131 2096 1185 2161 pre

69 2185 160 2249 nobis
181 2186 266 2265 petat
288 2187 432 2251 mandare
455 2186 600 2251 debemus
616 2206 707 2269 quam
729 2188 796 2251 tam
818 2187 950 2269 gloriose
963 2186 1123 2267 episeopo,
1150 2184 1186 2247 ut

69 2286 189 2351 hostiae
204 2287 351 2353 destinati
365 2291 472 2370 petant
486 2289 636 2355 auxilium
652 2290 688 2354 de
703 2289 880 2374 sacerdote?

110 2390 191 2453 Eoos
214 2390 299 2454 eliud
321 2391 469 2475 gaudium
490 2394 639 2477 nostrum,
663 2394 741 2475 qued
757 2393 791 2457 in
806 2392 905 2456 offieio
921 2392 1111 2474 episcopatus
1125 2388 1214 2467 tuit

39 2491 146 2555 elioet
169 2492 294 2557 interim
310 2512 328 2557 a
342 2494 490 2559 balneus
513 2514 566 2577 pro
590 2496 738 2577 temporis
762 2495 937 2561 condicione
960 2495 1127 2558 distraetus
1142 2510 1184 2569 es,

67 2594 172 2659 tamen
193 2612 252 2659 nen
273 2595 408 2680 defuisti,
431 2599 511 2680 quod
526 2599 642 2665 litteris
657 2599 841 2663 confessores
856 2598 1031 2680 frequenter
1046 2594 1186 2661 eerrebo-

68 2698 155 2776 rasti,
183 2699 263 2781 quod
286 2700 380 2764 etiam
403 2702 544 2783 sumptus
567 2702 751 2769 necessarios
773 2701 811 2765 de
831 2702 893 2765 tuis
915 2699 1070 2765 laboribus
1092 2697 1185 2762 iustis

119 2989 306 3043 lnefariosfl
373 2989 524 3057 ueritatem]
537 2988 676 3042 ciuitatem
692 2988 718 3042 V
785 2989 854 3057 legis
865 2990 922 3039 HT
991 2987 1182 3057 2subegimus]

67 3074 215 3127 subicimus
230 3076 254 3125 Τ
320 3074 475 3142 sanguinem
488 3058 550 3127 nrm
559 3095 576 3127 v
644 3074 782 3128 fundimus
795 3076 824 3125 Η
891 3073 1001 3143 fudisse]
1014 3074 1151 3128 funderes

68 3160 253 3213 3dileetienis
266 3179 282 3211 ν
361 3160 478 3214 deffeeit
490 3162 539 3223 111,
554 3160 636 3214 efficit
651 3162 687 3215 Τι
764 3160 911 3229 benseque
923 3180 942 3228 μ
1010 3159 1114 3213 differet
1129 3160 1154 3211 Τ

65 3246 359 3315 belesmodienimpv
440 3246 490 3300 fide
506 3250 530 3299 Τ
611 3248 733 3316 lproelii
746 3268 763 3301 ν
841 3263 915 3300 mera
929 3248 976 3310 To,
989 3247 1151 3315 inhorampi

67 3348 163 3385 ueram
176 3332 520 3401 elementiamlestem.l')
583 3334 729 3403 dgretieli
793 3333 860 3402 bin]
873 3332 941 3385 etin
953 3334 1014 3402 de
1077 3332 1150 3399 diep

68 3432 174 3487 quoque
187 3418 298 3471 liberius
315 3422 357 3487 Tp
443 3420 477 3472 10
489 3422 516 3472 et
528 3420 632 3473 uiribus
644 3421 743 3490 Ηρβνυ
824 3418 959 3487 potentiae
972 3434 1063 3473 suuee
1142 3418 1186 3486 ee]

69 3506 98 3555 et
111 3506 127 3572 β
193 3506 225 3557 ut
237 3520 289 3571 qua
300 3504 406 3569 Fure,
420 3508 451 3557 ut
462 3506 541 3572 qussi
552 3526 579 3575 μ,
593 3508 621 3559 et
633 3505 711 3573 quasi
723 3507 801 3575 Hyde
870 3505 902 3557 11
915 3505 989 3573 quos]
1002 3519 1055 3572 quo
1066 3504 1152 3571 ΗΤμι

69 3590 331 3643 carceriseastrisl'
396 3590 513 3644 exereuit
525 3593 552 3644 et
564 3606 613 3645 om.
626 3608 659 3660 9,·
672 3591 789 3645 exercuit
800 3607 849 3644 orn.
863 3591 909 3660 Ηβ
947 3633 950 3640 .
984 3588 1152 3658 12probatfi

73 3675 234 3743 iam]etiam
249 3678 292 3745 Τμ
361 3677 501 3745 propositis
516 3679 541 3729 Τ
608 3677 640 3729 13
653 3676 836 3729 illadiuinav
905 3676 939 3729 14
950 3690 1095 3742 numquam
1109 3673 1186 3740 solet]

71 3761 187 3831 neseitp
267 3761 365 3832 rumpi]
378 3761 451 3816 niuei
464 3782 480 3814 v
565 3763 626 3831 non]
638 3778 784 3830 numquam
799 3764 824 3814 Τ
906 3762 939 3815 15
950 3760 1060 3829 ferarip
1139 3774 1187 3827 gu·

68 3844 141 3899 leam
158 3846 301 3915 ...mangi
319 3849 346 3900 et
363 3847 578 3917 emFHTpdpv
676 3850 709 3902 16
722 3849 774 3917 ciui]
793 3848 835 3901 sui
851 3850 876 3900 Τ
959 3846 1153 3915 magisoleum

70 3930 147 4001 haec]
160 3932 248 3987 neoF
322 3934 453 4003 llnobis]
467 3933 569 4003 bonisp
636 3934 732 3987 intem
748 3935 839 3997 Rem
854 3934 915 4004 pr
993 3930 1188 3985 redentionem

72 4019 202 4089 ΗΤβμΤ,
219 4019 385 4091 designatop
442 4021 475 4075 19
488 4020 625 4091 gandium]
638 4021 787 4090 gladiums
842 4021 962 4089 inormd
1013 4017 1096 4072 efficii
1111 4018 1154 4086 Τμ

72 4103 130 4173 tui]
151 4108 181 4160 tu
196 4108 236 4175 Τμ
334 4106 527 4175 semlerum]
549 4107 747 4175 inprimeaV,
769 4106 938 4159 interimitis
955 4103 1153 4172 cedddnplie.
1212 4114 1215 4119 ·

69 4191 281 4262 temporibusp'
337 4193 370 4247 21
382 4192 490 4245 litteras
505 4194 535 4257 T,
546 4192 648 4245 litteris
659 4194 715 4245 tuis
728 4212 744 4245 v
797 4190 928 4245 reborasti
939 4206 958 4260 p
1014 4189 1157 4257 22quoH

174 4398 222 4446 111.
388 4462 393 4473 .
943 4378 984 4441 36
