3025 4967
445 376 490 429 Ile
507 374 591 429 bono
610 371 802 443 patientiae
820 385 841 425 o.
860 356 936 423 4-6.
1185 369 1248 433 401

123 540 196 605 neat
221 537 255 603 iu
280 532 384 611 nobis,
408 531 436 599 si
450 528 623 595 similitudo
638 527 745 595 diuina
760 545 852 610 quam
875 525 1001 609 peooato
1023 520 1126 588 Adam
1147 522 1251 608 perdi-

124 642 214 707 derat
228 636 446 705 manifestetur
461 637 493 700 et
509 634 611 699 luooat
627 631 796 699 inertibus
816 630 939 695 nostris.
974 647 1052 711 quae
1077 627 1179 713 gloria
1204 630 1252 693 est

124 743 260 809 similem
277 742 341 807 Deo
356 740 439 819 fieri,
463 738 563 821 qualis
579 739 610 803 et
626 738 741 820 quanta
755 735 890 801 felicitas
904 734 1017 800 habere
1031 733 1064 798 in
1078 731 1251 798 uirtutibus

125 846 206 930 quod
223 845 338 911 diuinis
352 842 497 909 laudibus
512 841 611 926 possit
625 841 761 924 aequari.

89 978 101 1017 a
167 950 235 1015 Nee
249 948 321 1027 hoo,
338 949 449 1014 tatros
464 945 677 1024 dilectissimi,
694 945 782 1011 Iesus
797 943 939 1011 Christus
954 943 1105 1010 Dominus
1120 944 1151 1007 et
1166 940 1279 1013 Deuse

123 1055 229 1119 noster
244 1054 369 1119 tantum
384 1052 487 1118 uerbis
503 1050 623 1129 docuit,
647 1050 700 1116 sed
721 1048 867 1133 impleuit
893 1050 924 1113 et
950 1047 1051 1113 saetis.
1075 1047 1106 1111 et
1131 1046 1185 1129 qui
1212 1044 1252 1110 ad

125 1156 183 1223 hoo
198 1156 393 1223 descendisse
418 1174 451 1221 se
477 1154 595 1221 dixerat
621 1154 656 1218 ut
681 1152 877 1218 uoluntatem
907 1152 1005 1235 patris
1030 1149 1144 1215 iaceret
1170 1148 1252 1213 inter

127 1260 229 1325 eetera
251 1259 409 1325 mirabilia
432 1258 589 1324 uirtutum
611 1256 724 1340 quibus
740 1256 856 1321 indicia
870 1255 994 1321 diuinae
1008 1253 1184 1320 maiestatis
1199 1270 1252 1316 eu-

125 1364 240 1445 pressit
261 1365 422 1445 paternam
445 1378 564 1444 quoque
585 1359 771 1443 patientiam
786 1358 968 1425 tolerantiae
983 1360 1088 1424 tenore
1103 1357 1251 1423 seruauit.

91 1494 115 1531 m
127 1466 227 1531 omnis
239 1466 369 1547 denique
380 1467 468 1531 aetus
480 1464 546 1530 eius
561 1464 600 1529 ab
616 1462 682 1545 ipso
698 1463 807 1529 statim
823 1462 959 1527 aduentu
974 1460 1125 1544 patientia
1140 1459 1252 1526 comite

126 1570 285 1653 signatur,
308 1569 390 1651 quod
411 1570 549 1652 primum
571 1567 609 1633 de
627 1564 709 1654 [illa]
726 1565 921 1632 sublimitate
937 1564 1063 1631 oaelesti
1078 1564 1118 1629 ad
1131 1564 1252 1629 terrena

126 1672 312 1739 descendens
326 1691 387 1738 non
409 1674 590 1756 aspernatur
612 1670 670 1736 Dei
692 1670 778 1736 filius
793 1688 915 1736 oamem
929 1667 1064 1733 hominis
1079 1667 1205 1733 iuduere
1220 1667 1252 1733 et

127 1794 198 1841 oum
212 1770 354 1860 peooator
368 1776 435 1859 ipso
449 1792 510 1841 non
525 1776 606 1840 esset
620 1773 723 1839 aliena
737 1776 863 1858 peooata
877 1775 1007 1857 portare.
1024 1772 1252 1838 inmortalitate

125 1880 253 1946 interim
267 1880 369 1962 posita
390 1879 457 1945 fieri
480 1897 512 1945 se
533 1878 697 1944 mortalem
720 1879 841 1962 patitur
863 1880 899 1942 ut
913 1878 1055 1943 innocens
1070 1895 1125 1959 pro
1140 1896 1276 1943 nosen·-

90 2012 115 2051 a
126 1984 209 2048 tium
225 1984 325 2049 salute
341 1983 522 2067 perimatur.
546 1982 699 2048 Dominus
714 1982 891 2065 baptizatur
906 2000 924 2046 a
938 1999 1026 2047 seruo
1043 1984 1074 2046 et
1089 1981 1251 2046 remissam

126 2088 327 2169 peecatorum
352 2086 482 2152 daturus
508 2086 573 2168 ipse
598 2104 658 2151 nou
675 2086 861 2169 dedignatur
874 2084 998 2150 lauacro
1013 2082 1254 2169 regenerationis

126 2208 237 2271 eorpus
253 2189 386 2256 abluere.
412 2189 518 2255 diebus
533 2187 738 2273 quadraginta
752 2188 870 2254 ieiunat
884 2207 938 2271 per
953 2208 1046 2270 quem
1061 2186 1153 2253 ceteri
1169 2186 1255 2270 sagi·

126 2294 259 2359 uantur:
276 2294 374 2359 esurit
389 2296 420 2358 et
435 2293 548 2358 famem
565 2291 662 2357 sensit
677 2293 713 2357 ut
728 2292 782 2374 qui
793 2292 826 2357 in
838 2290 921 2357 fame
932 2290 1081 2357 sermonis
1092 2292 1124 2355 et
1135 2291 1217 2373 grati

127 2396 252 2463 fueraut
275 2398 402 2464 caelesti
424 2416 502 2481 pane
524 2396 744 2463 saturarentur.
770 2415 841 2461 oum
856 2396 979 2462 diabolo
995 2397 1168 2478 temptante
1183 2412 1255 2459 eon·

91 2501 271 2583 agreditur
287 2504 318 2567 et
332 2501 494 2567 inimicum
510 2502 634 2565 tantum
649 2499 763 2565 uioisse
778 2500 939 2564 contentus
954 2496 1034 2563 nihil
1056 2498 1140 2563 ultra
1162 2497 1256 2562 uerba

128 2608 265 2669 conatur.
302 2604 464 2689 discipulis
493 2622 553 2669 uon
583 2605 619 2669 ut
641 2603 738 2669 seruis
761 2603 915 2668 dominica
936 2604 1088 2684 potestate
1111 2601 1256 2685 praefuit,

128 2710 182 2772 sed
194 2708 347 2794 benignus
364 2712 395 2776 et
406 2709 493 2774 mitis
509 2710 643 2775 fraterna
657 2726 708 2774 eos
723 2708 851 2773 caritate
863 2706 982 2783 dilexit,
998 2706 1144 2790 dignatus
1160 2706 1258 2771 etiam

128 2811 221 2893 pedes
237 2811 447 2893 apostolorum
462 2812 576 2888 lauare,
593 2813 629 2876 ut
644 2810 718 2876 dum
734 2810 816 2875 eirea
831 2828 936 2875 seruos
950 2807 1025 2874 talis
1041 2811 1088 2873 est
1103 2809 1256 2886 dominus

129 2912 270 2997 exemplo
296 2932 351 2980 suo
378 2914 501 2980 dooeret
527 2914 628 2997 qualis
655 2914 736 2979 eirea
763 2931 908 2995 conpares
934 2915 965 2978 et
989 2914 1131 2995 aequales
1147 2912 1259 2978 debeat

92 3034 196 3083 messe
221 3034 398 3083 eonseruus.
420 3036 475 3083 nee
490 3018 667 3083 mirandum
683 3017 764 3099 quod
787 3016 867 3081 oiroa
890 3015 1087 3082 obaudientes
1109 3016 1184 3081 talis
1206 3034 1259 3079 eu·
1310 3101 1312 3106 Ι

129 3117 234 3185 titonit
260 3120 313 3202 qui
341 3120 452 3187 Iudam
479 3121 582 3204 potuit
607 3138 703 3202 usque
729 3119 770 3183 ad
792 3120 965 3186 extremum
990 3121 1084 3204 longa
1109 3120 1261 3204 patientia

130 3220 300 3301 sustinere,
323 3222 428 3288 eibum
444 3242 515 3289 oum
530 3222 656 3288 inimico
673 3240 795 3305 capere,
819 3221 942 3289 hostem
957 3223 1164 3289 domesticum
1179 3224 1258 3288 soire

184 3411 199 3462 1
213 3409 242 3463 in
251 3410 338 3480 nobis]
349 3411 373 3464 si
383 3410 570 3465 eonsummari.
582 3448 587 3459 .
599 3409 758 3464 .natiuitate
768 3411 866 3478 repetit
875 3412 924 3474 6¹,
935 3425 994 3478 exp.
1003 3410 1042 3463 θἸ
1093 3410 1117 3462 si
1126 3409 1209 3463 mad

130 3494 263 3563 pecearmo
276 3496 301 3548 0
352 3496 415 3550 bne
429 3497 465 3549 ΘΙ
523 3495 627 3550 etdeus
645 3497 708 3549 We.
721 3494 738 3549 1.
752 3500 818 3549 m.2
868 3496 933 3550 deus
946 3499 974 3550 et
985 3495 1108 3550 domiuus
1118 3494 1263 3550 uoletde·

130 3579 328 3637 minusdeuso
382 3582 497 3651 6pleuit
512 3585 540 3637 et
552 3582 717 3651 quiaablu's
730 3582 862 3652 tnoips'tS
912 3582 969 3652 qui]
986 3584 1077 3651 quino
1129 3582 1261 3637 bdisoerr·

131 3666 205 3721 disse
219 3682 248 3721 se
264 3666 365 3732 S¹W¹,
382 3666 505 3723 descendi
518 3668 614 3723 seseG
678 3668 721 3723 dei
734 3668 858 3738 patrisS
923 3666 1132 3722 dadmirabilie
1148 3668 1186 3732 W,
1206 3683 1263 3721 am-

130 3752 324 3819 mirabundi,
342 3755 480 3823 magnalia
500 3755 537 3818 V,
554 3755 691 3825 magnalia
713 3758 741 3807 et
762 3753 899 3808 mirabilia
920 3756 1032 3823 scripsit
1049 3754 1213 3825 Krabiuper

130 3840 268 3893 uirtutum
279 3856 387 3895 sumum
399 3842 444 3895 uel
458 3857 565 3895 suarum
580 3840 741 3895 uirtuturnu
805 3841 1105 3895 9seruauittenore0
1163 3842 1197 3895 10
1209 3858 1265 3895 om·

130 3941 210 3981 noso
262 3926 452 3995 pacientiaeG
505 3928 536 3981 11
551 3927 722 3996 signanturo
775 3926 921 3981 illaesus
972 3926 1005 3981 13
1017 3929 1137 3995 portuum
1148 3927 1213 3981 S'G

131 4014 169 4066 14
187 4012 346 4081 aporiam
414 4017 443 4067 et
454 4014 592 4069 mortalem
606 4015 660 4070 Wo
730 4015 764 4068 15
780 4017 932 4083 perematur
945 4014 983 4069 W
1051 4015 1163 4068 remissa
1176 4014 1210 4068 S*

132 4100 169 4153 16
186 4098 343 4169 designatur
357 4101 405 4155 W¹
463 4100 496 4153 17
514 4100 656 4169 sepiantur
671 4100 703 4155 δ’
763 4101 796 4154 18
808 4100 939 4155 iumenti
991 4101 1267 4154 sentit-saturentur

134 4185 221 4242 weo
273 4188 305 4243 19
317 4185 501 4241 disbuloSW
543 4187 766 4243 absorbendae
819 4186 1076 4255 22dignatusesto
1121 4186 1254 4256 24aequa

132 4275 174 4328 les
187 4274 325 4343 coequales
338 4274 435 4329 Soa2
520 4275 741 4329 stamedienses
761 4275 839 4338 We,
867 4290 1000 4343 eomparos
1017 4273 1191 4329 obaudientes
1206 4274 1267 4328 Bo·

133 4360 227 4415 dusius
289 4360 394 4415 taleas
449 4360 483 4419 27
502 4376 594 4430 cepere
608 4362 630 4415 S
638 4362 695 4415 We
702 4362 735 4425 V,
755 4377 891 4416 sumereo

238 4465 288 4512 111.
1022 4450 1064 4513 ‘213
