3025 4967
1114 417 1179 464 m

49 570 134 618 nus
153 550 353 633 eommunia,
379 550 464 616 inter
485 568 536 615 eos
551 551 593 615 W
608 550 759 635 singulari
772 550 954 635 integritate
967 571 1028 618 uon
1042 571 1111 618 raro
1125 570 1180 616 or-

50 665 132 733 edlit:
144 681 244 745 quare
256 663 429 747 optimum
440 662 619 728 euminhoe
630 678 757 727 numero
768 662 1176 747 praedicaronondubito.*)

71 918 165 987 'jalen
172 933 242 987 geu
255 934 325 971 cum
337 918 425 972 huius
437 916 562 971 editionis
575 932 656 986 nuper
667 932 804 971 censuram
816 920 909 986 ageret
921 918 965 986 (ol.
981 918 1181 989 Thebaitanos

44 1005 253 1060 &cambiare
268 1009 344 1059 1870
363 1022 390 1075 p.
405 1009 457 1059 258
469 1006 527 1075 su),
546 1003 577 1059 de
593 1004 658 1059 loeis
674 1004 812 1059 nonnullis
829 1007 930 1075 optime
948 1005 1097 1075 disputans,
1113 1020 1180 1075 pau·

44 1108 78 1145 m
92 1106 157 1160 qnos
167 1090 207 1145 sd
219 1090 470 1162 wirceburgensis
487 1091 675 1145 crebritatem
693 1107 831 1161 exegeram
847 1094 985 1147 atteutsre
1002 1094 1113 1147 oouatm
1129 1094 1179 1145 est.

44 1178 106 1245 dap.
119 1181 143 1239 3,
158 1182 193 1229 10
206 1180 257 1243 (nc
270 1194 312 1231 ne
332 1178 432 1247 loan'
449 1183 573 1232 nostrnrn
590 1178 694 1231 arbiter
709 1178 849 1245 profanae
864 1177 996 1247 impediat
1012 1184 1063 1232 ant
1080 1178 1181 1233 aluam

44 1266 221 1331 messmam
243 1262 386 1327 famuliae
405 1264 553 1331 snepsntsb
569 1262 714 1331 obtundat,
732 1269 860 1331 pannas
876 1265 949 1319 dana
965 1264 1067 1332 sedan)
1087 1263 1134 1318 ubi
1151 1281 1181 1318 er

46 1349 166 1403 ababuc
177 1349 216 1404 W
228 1348 257 1403 V
270 1350 357 1419 loqui
373 1350 463 1418 recepi
480 1365 528 1419 pro
545 1349 708 1419 interpolata
725 1349 890 1419 reliquorum
900 1350 1033 1419 scriptura
1045 1352 1181 1420 ewpsnnrn

47 1438 82 1489 sel
95 1436 279 1505 masadam,
300 1434 495 1491 benedicendi
506 1435 636 1491 rationem
647 1434 776 1505 exemplis
787 1434 949 1490 destitutam
961 1452 1019 1491 esse
1030 1435 1181 1501 arbitratus

47 1523 109 1591 traso·
119 1538 171 1576 noe
183 1521 344 1576 interdurn
356 1522 463 1576 arbiter
478 1521 619 1591 legendum
635 1519 782 1591 proposuit.
801 1519 830 1574 id
840 1524 949 1590 propter
959 1520 1102 1577 interdtm
1114 1520 1181 1575 ferri

49 1608 141 1675 saquit3
154 1606 207 1661 sed
218 1607 250 1660 in
263 1608 321 1661 illo
333 1608 412 1676 loqui
423 1612 548 1661 nostram
559 1622 612 1660 non
624 1608 666 1660 est
678 1604 749 1675 quod
762 1604 886 1661 offendas.
904 1606 1038 1661 liberioris
1050 1606 1181 1661 infinitiui

52 1709 100 1745 mm
118 1694 382 1763 praepositionibus
405 1694 540 1749 coniuncti
557 1694 675 1764 exempla
691 1695 736 1749 uel
754 1695 825 1765 apud
842 1694 958 1763 optimos
975 1695 1117 1764 scriptores
1128 1709 1182 1748 non

54 1779 135 1832 dml
154 1780 227 1844 (OEc.
240 1780 281 1833 de
294 1780 347 1846 fin.
366 1779 397 1833 Π
411 1784 442 1833 13
455 1784 480 1843 5,
501 1780 554 1834 uid.
567 1780 678 1850 Madvig
697 1798 723 1851 p.
736 1785 801 1846 21²3
822 1781 911 1835 Senes
924 1780 959 1835 de
969 1779 1058 1848 bend.
1070 1780 1095 1835 V
1107 1784 1141 1833 10
1152 1785 1182 1844 23

56 1864 107 1917 ilar.
116 1864 172 1919 dra.
182 1865 245 1919 Π5
256 1868 314 1935 59).
328 1866 466 1921 inlinitiuo
478 1869 615 1935 nmquam
627 1867 797 1922 substantioe
808 1868 900 1936 ipesnn
910 1866 1021 1921 additur
1032 1865 1182 1921 aOioerone

56 1951 167 2017 (adfusa
182 1951 237 2006 XV
250 1956 269 2004 5
282 1957 317 2006 at
328 1952 421 2020 ipsura
436 1953 516 2007 nirwr'
529 1954 747 2021 consenserent)
765 1955 794 2007 et
805 1952 868 2006 aliis
886 1951 951 2021 (uid
964 1951 1059 2005 Haasii
1070 1951 1183 2004 adnota-

57 2037 131 2090 tisnss
150 2036 187 2090 ad
205 2037 316 2107 Reisig.
338 2054 365 2106 p.
384 2040 452 2102 188).
474 2039 567 2107 poetae
588 2037 716 2091 eiusmodi
739 2038 903 2093 adminicula
922 2052 976 2091 non
993 2038 1089 2091 curant
1105 2036 1181 2090 uelut

60 2122 111 2175 luc
122 2122 162 2175 IV
173 2127 230 2175 280
238 2123 370 2191 perdant
381 2123 453 2177 aselle
463 2124 540 2178 mari.
558 2122 699 2178 audentior
715 2140 777 2178 uero
796 2139 875 2193 qnam
888 2123 1016 2194 Cypriani
1033 2124 1080 2193 qui
1091 2122 1121 2176 in
1132 2123 1183 2177 bae

60 2209 245 2277 sulptiunaula
267 2211 364 2277 poetae
385 2209 502 2264 similior
521 2213 631 2279 apparet
650 2213 693 2265 est
704 2210 930 2266 Valeriiliaximi
950 2210 1038 2265 oratio
1051 2209 1105 2264 Vll
1123 2214 1182 2263 3⁷:

61 2294 155 2349 Patiar
165 2295 319 2349 Maximus
336 2296 416 2350 ariae
431 2312 490 2351 non
501 2298 631 2351 dimicare
643 2297 755 2352 mnaere
765 2297 831 2363 snit.
843 2326 875 2335 —
888 2313 913 2366 p.
927 2301 969 2362 5,2
981 2296 1184 2364 (desperatione

65 2381 194 2434 ιεὶιῖυηω
205 2382 293 2435 madia
302 2382 370 2436 neb
380 2382 458 2436 aelnt
468 2382 525 2436 iam
534 2384 658 2451 proprias
670 2389 696 2437 et
707 2383 868 2437 nernaenlr'a
876 2388 902 2436 et
910 2380 1052 2450 fanetum)
1065 2387 1091 2436 et
1101 2382 1182 2449 sane·

62 2466 115 2519 tn
128 2465 200 2535 quod
219 2467 297 2521 solus
311 2466 344 2519 W
359 2466 442 2521 habet
459 2468 604 2536 genuinum
622 2468 771 2537 eonuptels
786 2466 948 2537 reliquorum
960 2467 1111 2535 effanebarn
1122 2482 1184 2520 oon·

62 2551 151 2605 &mari
161 2553 312 2621 putabam
332 2568 393 2607 nam
407 2553 478 2623 quod
489 2552 519 2607 iu
530 2552 552 2606 P
565 2553 666 2623 legitur
676 2553 805 2621 furebant
817 2553 960 2609 manifesta
971 2552 1122 2607 emendatio
1133 2555 1183 2616 ost,

62 2654 103 2690 urs
112 2655 142 2693 es
152 2654 247 2707 praua
267 2638 424 2707 depredatio
442 2642 532 2693 autem
549 2640 591 2693 est
609 2654 676 2708 quae
695 2638 767 2709 apud
778 2639 959 2709 Augustinum
978 2638 1093 2692 occurrit
1109 2638 1182 2707 affa-

60 2724 147 2777 asbens
164 2724 327 2793 aLsngeno
351 2724 470 2793 probata.
495 2740 557 2777 nam
582 2724 716 2778 affauendi
739 2725 851 2779 uerbum
874 2740 927 2778 non
950 2741 1040 2779 rarum
1063 2726 1112 2788 est,
1137 2722 1185 2777 sed

62 2808 164 2863 nullum
180 2812 326 2879 praeterea
339 2809 409 2864 illud
420 2816 446 2865 et
457 2810 589 2879 Cypriane
602 2812 644 2864 est
656 2809 913 2873 familiarissimum
931 2809 964 2863 ci.
977 2826 1002 2879 p.
1016 2816 1066 2874 88.
1081 2815 1121 2865 12.
1136 2814 1184 2874 18;

64 2900 136 2955 1038.
148 2900 199 2959 ²83
222 2900 332 2960 193‚1e;
355 2900 442 2960 194‚e;
463 2900 571 2961 203,21;
593 2900 694 2960 21434,
713 2926 747 2937 -
765 2897 859 2950 contra
878 2913 903 2966 p.
923 2900 1015 2960 aenda
1037 2896 1184 2951 auannm

61 2982 150 3035 codicis
166 2981 404 3051 wirseburgensis
421 2981 490 3036 mihi
508 2998 560 3036 non
577 2984 656 3037 tanta
674 2980 825 3049 uidebatur,
843 2984 875 3035 ut
891 2981 1054 3052 superfluum
1071 2980 1141 3036 illud
1158 2987 1184 3036 et

63 3068 117 3121 inde
135 3068 286 3138 reciperem
307 3066 498 3137 (recipiendum
520 3084 576 3122 esse
597 3070 677 3137 putat
693 3068 823 3137 Langen),
846 3068 922 3122 cuius
940 3068 1014 3137 origo
1032 3067 1185 3139 geminatae

63 3154 167 3221 proximi
188 3154 305 3224 enipdet
326 3152 445 3223 syllabae
457 3152 534 3208 finali
545 3153 664 3208 debetur.
676 3186 709 3193 —
722 3153 807 3207 simili
818 3152 851 3207 de
863 3169 943 3207 causa
953 3170 980 3223 p.
993 3158 1070 3218 218,5
1083 3154 1185 3209 etiarn

64 3239 125 3307 quod
145 3243 208 3311 post
229 3240 387 3295 eedesa'am
406 3238 594 3309 Seguierianns
612 3240 717 3293 omittit
741 3241 804 3309 (quo
824 3238 978 3294 mendorum
999 3254 1094 3308 genere
1113 3238 1186 3293 nibil

11 3309 12 3326 ¹
65 3327 133 3381 ineo
148 3324 330 3395 stoqueutius,
349 3324 383 3379 oi.
401 3340 425 3395 p.
441 3325 492 3395 VI)
512 3325 613 3379 retinui
630 3328 658 3379 et
674 3326 768 3381 eontra
783 3324 904 3394 Laugeui
924 3325 1086 3380 sententiam
1102 3326 1186 3379 etiam

65 3430 126 3467 nunc
142 3413 317 3467 retinendum
335 3428 391 3467 esse
408 3428 507 3467 censeo.
519 3443 552 3452 -
564 3413 635 3467 idem
648 3430 673 3482 p.
686 3418 781 3477 21125
799 3414 890 3481 (neiat
905 3414 1046 3469 mmdtroa
1061 3414 1186 3468 institiae

64 3499 213 3555 admenta
224 3504 335 3554 aarum
341 3514 395 3567 pro
404 3498 456 3567 die,
469 3499 614 3555 interdura
621 3515 676 3567 pro
683 3500 782 3567 aelate,
792 3498 1008 3567 desperationem
1016 3498 1066 3553 eard
1075 3499 1187 3554 obtensa

65 3588 126 3653 spei)
143 3586 306 3641 mentes
319 3585 347 3639 in
359 3584 516 3653 adserentes
533 3584 659 3639 monuit.
678 3600 770 3639 nacor
781 3601 815 3639 ne
825 3584 935 3639 eunden
947 3583 1088 3639 medellam
1099 3584 1186 3639 omni-

67 3670 108 3725 bus
125 3672 191 3726 locis
211 3670 343 3726 adhibere
364 3669 513 3725 addubitet.
534 3670 660 3731 waere
678 3671 750 3725 eninr
767 3687 815 3741 pro
827 3670 1026 3738 affimarenel
1038 3670 1187 3737 Mandas

67 3757 127 3825 rpud
139 3757 305 3827 &manum
319 3757 473 3826 saepissime
486 3757 599 3811 occurrit
610 3773 636 3826 p.
649 3761 739 3821 387,5;
752 3761 860 3822 597,16;
873 3761 963 3823 505,1;
976 3762 1082 3822 551,11;
1096 3761 1187 3824 571,8;

68 3848 147 3905 512,7;
168 3848 262 3909 75823
285 3846 337 3897 eta
360 3842 427 3907 (uid.
449 3840 572 3913 indicem]
594 3872 626 3883 -
647 3858 673 3912 p.
685 3846 762 3908 22⁶,8
784 3843 985 3912 (adimplentur
1003 3858 1187 3912 marmano

69 3930 200 3995 madida
218 3937 287 3985 earet
299 3936 326 3984 a
337 3928 582 3997 adpropinquante
601 3929 658 3983 mm
678 3929 782 3985 ennead
800 3929 858 3995 fine
877 3930 1018 3984 mnsam
1033 3929 1143 3997 pariter
1154 3944 1188 3985 aa

74 4020 206 4083 tmfronnn
221 4017 386 4085 probatem
401 4016 552 4082 neaeram)
569 4014 706 4069 leuissima
717 4014 838 4085 Iungam
848 4014 1001 4069 muieotura
1012 4016 1055 4069 est
1065 4015 1094 4067 in
1105 4028 1188 4082 quam

75 4099 119 4168 ipse
137 4102 275 4157 incideram
297 4104 460 4157 euenersast
480 4114 526 4168 pro
542 4106 680 4155 nennmd
700 4100 850 4165 scribentis,
871 4102 918 4154 sed
930 4098 1045 4153 inutilis
1065 4099 1105 4153 sio
1115 4100 1188 4153 enim

76 4184 176 4255 basim
186 4186 348 4259 Cyprianus:
371 4204 399 4256 p.
414 4190 493 4249 2582
510 4186 564 4241 rdss'
575 4186 599 4240 si
610 4186 676 4241 daeo
687 4186 737 4241 deo
748 4187 895 4255 §mente
905 4191 982 4256 aesta
992 4190 1059 4240 sant
1069 4190 1188 4239 autnon

76 4274 222 4336 mate
239 4278 303 4346 r'peo
324 4272 426 4329 ornesda
447 4270 502 4325 ista
521 4276 668 4339 nemnem,
687 4274 781 4337 boddo
797 4271 929 4341 annanid
943 4308 965 4326 ..
978 4313 984 4325 .
996 4271 1108 4327 eremit
1120 4270 1191 4340 pari
1309 4238 1313 4248 Ι

78 4363 332 4434 memnonem.
