3025 4967
486 347 645 417 Epistula
667 345 924 401 xvir-XVIII.
1199 349 1264 415 523

143 504 243 586 perite
273 502 389 569 sartam
417 501 532 572 uiderit
554 505 586 569 et
606 522 626 567 a
646 502 763 569 fullone
784 504 925 568 curatam
946 502 1103 584 receperit.
1135 502 1266 571 audiant

142 624 254 689 quaeso
288 604 441 689 patienter
475 605 638 671 consilium
666 608 817 685 nostrum,
854 607 1013 689 expectent
1041 604 1263 689 regressionem

140 711 291 787 nostram,
315 710 351 775 ut
366 727 437 776 cum
453 710 493 777 acl
508 725 562 775 uos
576 728 632 793 per
646 708 704 777 Dei
719 708 963 777 misericordiam
984 708 1169 787 nensnmus
1192 726 1264 773 ccu-

141 812 261 877 uocatis
283 812 468 895 coepiscopis
489 812 592 894 plures
613 812 778 878 morutium
795 811 921 878 Domini
937 810 1131 893 disciplinam
1147 812 1178 877 ot
1193 830 1265 878 oon-

117 912 293 980 siessorum
314 914 518 997 praesentiam
541 917 573 981 et
593 916 730 984 uestram
752 932 873 996 quoque
894 915 1081 979 sententiam
1103 915 1263 981 beaterum

140 1021 317 1102 martyrum
337 1020 460 1087 litteras
482 1020 515 1085 et
536 1018 688 1087 desideria
709 1018 884 1085 examinaro
906 1018 1069 1102 possimus.
1093 1019 1210 1085 dehoc
1231 1020 1264 1084 et

140 1120 181 1185 ad
196 1121 313 1189 clerum
328 1123 360 1190 et
372 1121 412 1187 ad
433 1122 586 1207 martyrae
601 1122 633 1187 et
647 1120 833 1189 confessores
854 1122 978 1189 litteras
996 1120 1056 1186 leci
1071 1140 1147 1203 quas
1162 1122 1263 1190 utrae·

139 1242 200 1305 qno
226 1223 289 1307 legi
317 1224 406 1289 nobis
434 1225 586 1292 mundani.
620 1225 691 1306 opto
721 1240 786 1303 uos,
816 1223 926 1290 fratres
949 1223 1101 1291 carissimi
1121 1241 1159 1295 ac
1181 1223 1263 1287 dosi-

140 1326 362 1407 dereutissimi‚
391 1327 579 1415 inDomiuo
606 1346 725 1409 semper
750 1327 828 1393 boue
849 1328 955 1394 uslere
976 1328 1008 1393 et
1029 1326 1128 1393 nostri
1150 1326 1263 1395 memi-

102 1455 130 1495 m
144 1427 237 1493 nisse.
261 1429 370 1498 ualttc.

392 1666 753 1833 uersuum
801 1718 1005 1832 nuru

180 1924 383 1981 GYPRIANVS
408 1923 647 1983 PRESBYTERIS
673 1928 718 1981 ΕΤ
740 1926 956 1984 DIAOONIBVS
980 1925 1176 1981 FRATRIBVS
1202 1927 1229 1979 S.

182 2114 497 2195 Miroruos‚f1atres
520 2118 681 2195 carissimi,
709 2118 747 2183 ad
770 2118 887 2182 multas
910 2116 1058 2199 epistulas
1081 2134 1164 2181 meas
1186 2121 1288 2199 quasl

139 2216 181 2283 ad
191 2236 246 2285 uos
258 2218 432 2300 frequenter
443 2218 516 2283 misi
527 2218 607 2283 nihil
618 2220 819 2302 rescripsisse,
835 2238 906 2295 cum
920 2218 1125 2284 fraternitatis
1141 2219 1261 2282 nostrae

102 2320 191 2387 rouel
214 2320 335 2386 utilitas
357 2322 408 2386 uel
430 2323 595 2388 necessitas
618 2322 663 2387 sic
684 2322 792 2405 utique
813 2322 1008 2406 gubernetur,
1033 2321 1060 2385 si
1074 2340 1093 2385 a
1107 2319 1195 2385 nobis
1210 2320 1263 2385 iu·

137 2423 251 2489 structi
266 2443 369 2489 rerum
388 2425 590 2508 gerendarum
613 2424 778 2490 consilium
799 2425 908 2489 limare
930 2423 1093 2508 possimus.
1118 2423 1263 2506 quoniam

135 2528 241 2591 tamen
269 2526 359 2591 uideo
386 2526 569 2592 facultatem
592 2527 737 2593 uenienti
760 2528 799 2592 ac
821 2545 875 2592 uos
897 2527 1032 2591 noudum
1054 2543 1120 2591 esse
1142 2514 1259 2590 etiam

135 2629 284 2694 aestatem
305 2629 448 2711 coepisse,
470 2628 552 2713 quod
566 2631 690 2712 tempus
703 2628 938 2695 infirmitatibus
952 2628 1092 2695 adsiduis
1107 2629 1139 2692 ot
1152 2628 1259 2712 graui-

136 2729 197 2794 bus
211 2730 348 2811 iufestat,
370 2732 589 2798 occurrendum
610 2733 684 2814 puto
707 2731 857 2798 fratribus
870 2731 993 2810 uostris,
1017 2732 1053 2796 ut
1067 2730 1121 2814 qui
1135 2730 1264 2796 libellos

190 2966 205 3019 1
218 2966 330 3035 peritori
345 2969 375 3032 Τ,
388 2983 471 3039 coep
525 2972 705 3041 persartampr
758 2985 835 3026 eom.
852 2972 876 3025 Τ
911 2970 944 3031 ,2
955 2968 1085 3037 nostrum]
1099 2984 1185 3025 meum
1198 2990 1219 3023 ω

134 3050 153 3105 3
165 3066 317 3137 noueremus
333 3052 388 3137 TQ,
400 3053 549 3109 ueuhemns
561 3055 599 3109 M
676 3055 812 3111 conuocati
825 3054 907 3111 uoco
985 3056 1003 3112 4
1015 3039 1254 3128 oceffEMchc

133 3138 234 3205 (coepis
248 3137 307 3208 Q'),
328 3140 385 3207 epis
401 3161 424 3211 μ
510 3141 666 3213 pluribusp
753 3143 771 3195 5
791 3145 819 3197 et
840 3145 958 3198 normam
979 3159 1004 3211 q.
1028 3144 1187 3199 senteutiam
1210 3158 1258 3197 om

132 3222 226 3292 Eoum
322 3225 379 3281 ees
389 3224 518 3279 desideria
531 3216 692 3281 .-..'litteras
704 3243 755 3284 om.
769 3248 790 3281 ω
795 3248 805 3297 ,·
826 3228 989 3283 desideraris
1003 3231 1028 3284 T
1115 3246 1254 3299 possumus

133 3308 232 3379 Eme
294 3310 344 3365 hoc
355 3312 392 3381 et]
406 3312 454 3367 hoc
467 3312 575 3383 EQccc
643 3315 800 3385 lmartyres
811 3307 894 3370 Ecoc
956 3315 1079 3369 8uosM
1090 3315 1177 3383 (uobis
1189 3316 1222 3385 Q)

132 3408 167 3447 nc
178 3393 202 3448 cl.
215 3395 233 3448 i.
246 3394 352 3449 domiuo
364 3412 413 3451 ona
426 3419 448 3469 μ
530 3399 546 3452 9
559 3402 587 3453 et
598 3415 623 3455 u.
636 3416 671 3453 m.
684 3400 774 3455 naleto
784 3416 833 3455 ora
847 3422 870 3471 μ
951 3401 1115 3470 meminisse]
1127 3416 1259 3455 memores

132 3495 192 3533 osse
207 3480 234 3535 V
317 3481 351 3535 10
370 3483 457 3539 ualetc
478 3500 526 3539 ccc.
547 3504 575 3539 ω.
590 3484 757 3555 -Epistula
779 3486 909 3555 (Explicit
929 3486 1043 3555 epistola
1063 3502 1088 3554 c,
1111 3503 1160 3539 cen.
1180 3487 1219 3541 E*
1229 3486 1259 3556 Q,

132 3564 253 3635 epistula
268 3566 303 3623 ad
313 3566 418 3637 plebem
430 3568 502 3623 lactu
515 3570 554 3637 Τ)
566 3570 719 3640 significuus
731 3571 797 3640 quid
808 3572 844 3627 ad
854 3588 915 3627 eum
928 3572 1055 3640 martyres
1067 3573 1210 3641 (martyras
1226 3571 1259 3643 Q)

134 3651 169 3705 de
186 3652 270 3721 lapsis
282 3654 416 3722 petierunt
428 3656 536 3724 explicit
550 3659 612 3727 (oar.
625 3660 654 3725 o)
666 3657 768 3728 ETQc,
782 3672 831 3713 om.
844 3679 898 3731 μω.
914 3689 941 3696 -

185 3736 274 3807 ltpist.
286 3739 386 3793 XVIII.
400 3770 431 3780 -
444 3740 546 3811 Incipit
556 3742 591 3797 ad
602 3741 700 3801 clerum
713 3745 822 3814 (capuae
834 3743 898 3798 aaa
914 3744 949 3814 T)
965 3745 1073 3813 propter
1088 3744 1179 3812 lapsos
1190 3741 1258 3813 (lnp-

132 3823 173 3878 sis
187 3823 248 3893 QT)
261 3826 289 3878 et
301 3824 497 3881 cathecuminos
515 3828 695 3897 (muniminis
710 3830 740 3895 Τ,
763 3828 956 3885 cathecuminis
970 3828 1004 3899 Q)
1021 3845 1054 3883 ne
1065 3828 1144 3894 uacui
1156 3828 1259 3883 exirent

130 3907 239 3978 acro,
257 3908 299 3965 ut
311 3910 415 3978 plebem
427 3910 499 3967 facta
510 3912 665 3981 significuus
677 3936 709 3984 μ,
728 3930 778 3969 ora.
791 3935 820 3970 ω.
834 3945 867 3955 -
879 3915 912 3968 14
923 3914 958 3969 ad
969 3916 1026 3984 uos]
1044 3914 1121 3971 uobis
1133 3914 1224 3985 EQcc

132 3994 222 4049 nichil
235 3995 308 4060 Εοω,
320 3996 393 4051 nihil
403 3996 471 4051 mihi
484 4015 509 4063 c,
520 4015 665 4068 numquam
677 4000 746 4055 mihi
763 4000 790 4055 V
871 4003 963 4055 nostra
976 4020 998 4053 co
1092 4000 1125 4057 15
1137 4000 1175 4053 sic
1188 3999 1256 4068 utiq.

136 4094 206 4148 quae
220 4080 302 4151 Quod
314 4096 381 4150 quae
394 4098 463 4151 emp„
476 4084 614 4153 sicutques
624 4086 663 4139 Μ
738 4087 772 4140 16
784 4102 869 4140 erum
885 4087 909 4140 Τ
982 4085 1086 4154 timere]
1098 4085 1189 4138 iuuare
1203 4105 1224 4137 ω

134 4164 169 4217 l'l
188 4164 271 4219 otiam
289 4181 324 4221 ca
340 4167 382 4221 ita
392 4188 415 4239 μ
426 4172 493 4223 Μ
578 4169 611 4223 18
631 4170 660 4224 iu
677 4169 882 4226 infirmitatibus
894 4171 961 4224 E¹c
1047 4170 1158 4241 grauius
1173 4171 1198 4224 Τ

132 4249 168 4305 19
180 4249 326 4305 infestetur
342 4252 389 4317 Vc,
402 4252 621 4335 inlestptiouibus
632 4262 668 4327 μι
