3025 4967
290 401 352 465 776
686 398 831 455 Caecilii
847 399 1013 469 Cypriani

287 557 354 618 toto
369 555 458 619 corde
474 554 630 618 credentes
647 554 855 619 descendisset
869 557 999 639 spiritus
1014 559 1149 624 sanctus
1169 573 1231 639 quo
1244 558 1405 640 adimpleti

288 658 382 722 uariis
408 657 523 740 linguis
543 657 644 722 Deum
666 656 887 736 benedicerent,
914 660 1013 724 nihilo
1035 659 1141 724 miuus
1160 664 1266 724 tamen
1285 662 1408 725 beatum

287 760 460 842 apostolum
485 759 613 823 Petrum
640 760 739 824 diuini
766 762 921 843 praecepti
945 762 1047 845 adque
1068 764 1222 846 euangelii
1243 783 1409 828 memorem
1502 758 1503 797 ³

287 863 532 945 praecepissent
555 859 785 942 baptimreutur
809 862 893 928 idem
918 865 969 928 illi
994 867 1049 947 qui
1072 866 1138 930 iam
1163 864 1284 930 fumant
1307 869 1411 931 mcc

288 965 400 1046 spiritu
422 964 516 1047 pleni,
541 965 578 1028 ut
599 964 679 1028 nihil
700 967 952 1046 praetermissum
974 969 1133 1032 uideretur
1152 987 1213 1050 quo
1234 969 1338 1033 minus
1359 988 1432 1051 pers

287 1067 391 1131 omnia
417 1067 517 1131 diuini
538 1067 691 1149 praecepti
711 1069 812 1150 adque
832 1071 987 1152 euangelii
1008 1070 1112 1155 legem
1126 1071 1294 1153 apostoliea
1312 1072 1414 1155 magi·

288 1170 381 1234 steria
397 1171 561 1234 seruarent
577 1169 770 1251 baptismum
783 1175 889 1236 autem
903 1191 965 1238 non
978 1192 1046 1238 esse
1060 1175 1144 1256 quod
1157 1175 1304 1240 haeretici
1319 1180 1414 1240 utun-
1429 1183 1437 1197 '

287 1275 339 1336 tur
358 1291 414 1338 nec
431 1273 596 1360 quicquam
617 1274 699 1356 apud
721 1292 772 1338 eos
786 1275 840 1357 qui
855 1273 979 1341 Christo
992 1277 1197 1343 aduersantur
1209 1279 1414 1363 pergratiam

287 1374 402 1441 Christi
418 1395 505 1458 posse
518 1375 662 1458 proficere
681 1377 851 1462 diligenter
868 1398 967 1462 nuper
979 1399 1158 1462 expressum
1171 1385 1220 1446 est
1233 1383 1268 1446 in
1280 1380 1417 1463 epistula

287 1499 365 1561 quae
387 1481 426 1545 ad
441 1478 592 1559 Quintum
614 1481 766 1565 collegam
786 1484 927 1548 nostrum
947 1485 981 1548 in
994 1484 1188 1550 Mauretania
1209 1487 1449 1550 maeatarum

288 1602 379 1664 super
398 1603 433 1649 ea
453 1604 486 1649 ro
507 1583 622 1666 scripta
643 1586 699 1668 est,
721 1584 798 1650 item
812 1586 846 1650 in
860 1586 978 1652 litteris
999 1607 1078 1670 quas
1098 1589 1235 1672 collegae
1255 1589 1355 1653 nostri
1375 1587 1415 1652 ad
1504 1614 1505 1653 l

287 1687 478 1770 coepiscopos
501 1687 534 1751 in
554 1687 703 1753 Numidia
724 1688 934 1769 praesidentes
956 1690 1201 1768 antedecerunt,
1222 1692 1312 1756 cuius
1334 1691 1416 1755 utri·

287 1811 384 1874 usquc
400 1791 550 1873 epistulae
565 1791 704 1872 exempla
718 1791 853 1856 subdidi.

259 1905 278 1966 2
330 1895 485 1960 Addimus
507 1896 597 1976 plane
619 1898 651 1959 ct
672 1895 880 1978 adiungimus,
910 1895 1008 1960 frater
1028 1896 1195 1975 euriaeime
1217 1914 1368 1961 consensu
1381 1898 1415 1960 ot

290 1999 475 2064 caecante
496 1997 662 2074 communi,
687 2000 723 2061 ut
738 1998 836 2062 etiam
850 1998 878 2062 si
892 1999 946 2079 qui
961 1997 1135 2081 presbyteri
1149 2001 1205 2063 ant
1220 1999 1341 2064 diaconi
1355 2000 1408 2064 uel
1417 2025 1440 2062 c

292 2103 325 2167 in
340 2103 470 2168 ecclesia
485 2101 637 2167 catholice
652 2101 738 2183 prius
754 2101 888 2166 ordinati
902 2101 1020 2165 fuerint
1035 2105 1068 2166 et
1081 2103 1279 2183 postmodum
1299 2103 1411 2185 perfidi

290 2225 326 2270 eo
352 2205 481 2270 rebelles
511 2187 618 2270 contra
644 2202 805 2268 ecclesiam
830 2203 983 2279 stemmut
1013 2203 1066 2268 uel
1089 2206 1171 2287 apud
1196 2205 1369 2270 haereticos
1396 2225 1417 2270 a

289 2307 555 2392 pseudoepiscopis
570 2309 602 2370 et
617 2305 810 2370 antichristis
830 2307 938 2370 contm
953 2304 1071 2371 Christi
1085 2307 1322 2390 dispositionem
1342 2327 1416 2392 pro-

290 2412 361 2476 fana
377 2411 568 2476 ordinatione
583 2411 716 2492 promoti
733 2411 798 2475 sint
812 2412 846 2474 et
860 2413 968 2475 contra
982 2409 1082 2474 altare
1097 2429 1194 2474 uuum
1208 2411 1309 2493 adque
1330 2411 1414 2476 diui·

289 2534 364 2580 num
380 2513 530 2578 sacrificia
545 2513 619 2578 ioris
635 2513 714 2579 falsa
728 2532 765 2579 ao
778 2514 931 2598 sacrilega
943 2512 1053 2577 offerre
1066 2513 1170 2578 couati
1184 2513 1258 2590 sint,
1274 2532 1327 2580 ecs
1339 2533 1445 2597 quoa

291 2635 351 2699 qne
376 2617 433 2681 hac
456 2616 632 2681 condicione
658 2618 775 2699 suscipi
801 2635 874 2681 cum
899 2617 1099 2680 reuertuntur
1122 2619 1160 2679 ut
1183 2618 1411 2683 communicent

291 2721 365 2786 laici
390 2723 421 2786 et
448 2721 524 2785 satis
549 2720 683 2785 habeant
709 2722 791 2802 quod
816 2720 1028 2785 admittuntur
1047 2718 1088 2782 ad
1107 2737 1216 2802 pacem
1236 2719 1291 2801 qui
1310 2719 1414 2786 hostes

293 2823 376 2906 pacis
392 2824 561 2902 extiterint,
577 2843 632 2888 uec
648 2823 757 2888 debere
772 2841 823 2888 eos
838 2823 1028 2889 reuertentes
1043 2822 1152 2886 eadem
1167 2822 1250 2904 apud
1264 2842 1320 2889 nos
1331 2825 1412 2889 ordi·

292 2927 426 2993 ustionis
441 2929 472 2992 et
484 2927 606 2992 honoris
621 2947 708 2992 arma
722 2927 853 2993 retinere
867 2926 979 3010 quibus
993 2926 1101 2990 contra
1115 2943 1170 2990 nos
1185 2926 1412 2992 rebellauerint

343 3200 358 3253 1
371 3199 506 3252 credentes
518 3199 589 3268 quod
601 3199 634 3253 N
780 3197 934 3268 adimpletis
947 3199 975 3252 Β
1122 3201 1140 3254 2
1151 3197 1247 3267 uariis]
1258 3198 1343 3253 labiis
1354 3199 1381 3253 L

290 3284 470 3339 dominumV
614 3284 894 3338 nihilhomiuibasN
1037 3285 1312 3355 3diuiuspraccepta
1323 3284 1385 3339 ΒΝ

289 3373 496 3442 ipraecepisset
510 3373 542 3426 N
650 3370 823 3440 baptizentur
835 3369 924 3424 BLN
1023 3372 1068 3425 illi
1079 3370 1151 3425 idem
1163 3370 1219 3439 EQ
1329 3369 1415 3438 slago

291 3457 359 3526 ΒΨ
372 3458 468 3526 (legem
481 3457 565 3527 ΜΨ)
679 3456 694 3508 ἵ
707 3456 787 3525 qnod]
799 3471 852 3524 quo
863 3481 877 3509 ο
891 3455 924 3526 Q,
937 3472 988 3524 quo
1002 3457 1047 3511 Ec
1058 3455 1140 3526 (quod
1152 3457 1198 3524 Μ)
1312 3455 1331 3509 8
1342 3455 1415 3524 quic·

290 3559 372 3612 quam
383 3545 491 3611 scripsi,
504 3543 645 3611 quisquam
659 3540 806 3609 BELNQ,
818 3557 979 3612 quemquam
991 3559 1009 3596 c
1093 3542 1200 3612 ebriati]
1212 3557 1229 3595 a
1240 3542 1344 3596 christo
1355 3541 1383 3596 Ia

291 3629 326 3685 10
337 3629 501 3684 macana
514 3628 611 3698 nepe
765 3629 798 3682 11
810 3628 877 3682 scm
889 3627 980 3682 me
1133 3627 1329 3682 caminam
1339 3615 1415 3697 pros

290 3719 410 3772 testeme
422 3715 450 3770 B
587 3715 620 3768 13
631 3714 781 3782 exemplum
793 3714 820 3768 Β
955 3713 1094 3767 subdimus
1108 3713 1153 3767 hic
1164 3731 1190 3778 c,
1201 3713 1342 3767 subdimus
1354 3713 1389 3767 N

292 3805 326 3858 14
337 3785 452 3857 effi
456 3801 483 3856 u
584 3801 619 3854 15
630 3801 654 3853 a
665 3799 722 3869 qui]
735 3799 856 3868 sanes
951 3798 1301 3867 messanamque
1312 3799 1384 3869 noa

292 3891 326 3944 16
337 3889 445 3944 inerunt
457 3886 485 3939 B
575 3885 669 3954 perfidi
682 3884 723 3954 ec]
737 3884 848 3953 pertidia
859 3884 895 3949 B,
906 3883 1028 3953 perfidi·-
1040 3885 1071 3938 Ε
1161 3884 1194 3938 ll
1207 3887 1344 3938 steterunt
1355 3884 1384 3938 Β

292 3957 526 4043 ιερεειιᾱοερῖις
664 3959 846 4041 esperare·
960 3970 1231 4025 cccccccccc
1362 3969 1419 4024 aas

292 4060 439 4130 positiones
452 4058 479 4112 B
608 4057 720 4126 profane
734 4097 775 4110 ...
788 4057 947 4111 t19unun1
958 4072 1009 4112 om.
1022 4056 1050 4110 Β
1184 4056 1219 4109 19
1229 4055 1346 4110 altarem
1359 4056 1384 4127 Q

292 4143 535 4200 20sacrificiumB
680 4144 849 4208 suntELN,
862 4143 932 4197 saint
946 4141 1110 4212 Q(sintdt)
1255 4143 1291 4196 21
1303 4143 1372 4212 cum]
1384 4143 1417 4195 ut

294 4247 354 4284 cum
366 4230 426 4284 ΒΝ
553 4231 749 4285 reuerterentur
761 4229 789 4282 Β
919 4229 955 4284 22
965 4228 1053 4283 boetis
1066 4229 1093 4283 L
1222 4227 1258 4281 23
1270 4227 1363 4282 eedem
1374 4227 1411 4290 N,

294 4332 351 4369 eam
365 4316 426 4379 BL,
439 4331 470 4369 ee
483 4315 552 4386 EQv
654 4316 689 4370 24
701 4315 929 4386 reuellaucrith
