3025 4967
323 424 450 473 nxxxu

323 560 434 627 multis
444 577 504 626 non
515 561 627 642 posset,
644 560 913 655 sornomissnrnnr
926 560 1024 627 fumeo
1034 579 1095 626 non
1106 562 1279 643 putendum
1295 562 1350 626 eet.
1368 562 1449 626 Tun

321 672 418 739 nebus
429 671 716 756 epietnlederolnm
729 692 844 747 nonum
853 674 1024 739 utmorem
1035 673 1208 755 liberosque
1219 672 1450 755 quoedootiesi-

323 802 394 849 mne
408 784 617 869 typographus
631 784 738 867 inopes
753 785 929 867 reliquisset
942 785 1084 850 edineret
1099 786 1185 849 enixe
1196 786 1338 866 precetur
1350 785 1388 849 de
1399 785 1450 848 lois

324 896 415 960 rebus
434 896 592 977 disputare
613 897 795 979 supersedit,
817 914 872 961 neo
893 897 1057 978 qnisquam
1078 896 1158 961 elius
1173 896 1206 960 in
1220 896 1299 961 hene
1318 916 1385 961 rem
1399 896 1449 961 inv

323 1006 508 1088 quirendum
517 1008 1082 1091 eesepntenit3qoodsitectomorset
1090 1008 1222 1090 proximi
1231 1008 1451 1077 editoreshanc

325 1117 494 1186 editionem
512 1137 574 1185 non
587 1120 634 1184 ite
647 1120 865 1203 neglexissent.
886 1110 1102 1205 integritotem
1123 1120 1189 1185 eim
1205 1120 1289 1185 eolus
1304 1118 1446 1185 Pmdenf

324 1228 390 1296 tine
401 1230 547 1297 Meranne
561 1234 644 1297 reste
659 1231 841 1299 aestimauit
853 1230 886 1297 in
897 1231 1082 1297 Bolunienne
1094 1232 1243 1297 editionis
1256 1230 1448 1314 praefatione

325 1342 477 1408 scribens:
502 1342 597 1407 editio
617 1344 697 1407 sotis
715 1347 868 1408 ammoto
887 1347 931 1407 cst
942 1363 983 1408 ac
996 1344 1034 1407 iro
1049 1344 1167 1422 multis,
1193 1362 1273 1424 poce
1282 1363 1452 1425 perperam

324 1453 362 1516 io
375 1454 571 1533 motetus
590 1453 781 1519 moestos
800 1459 925 1519 mcccc
945 1456 1085 1537 fossant,
1106 1476 1177 1519 coen
1198 1455 1353 1520 codicibus
1375 1474 1450 1517 mss.

324 1565 487 1629 consentit.
511 1564 560 1631 illi
581 1566 663 1665 enim
680 1566 914 1632 ‚recentissimos
931 1566 1053 1631 sodioee
1073 1568 1281 1649 respexerunt,
1301 1566 1452 1631 lloreliee

320 1674 360 1741 in
383 1675 562 1760 digerendis
584 1680 617 1743 et
637 1676 837 1745 emendandis
863 1678 1005 1759 operibus
1031 1677 1217 1743 uetustiores
1243 1680 1366 1743 secutus
1392 1672 1451 1743 est

327 1788 421 1869 etone
453 1788 580 1855 libellos
616 1789 761 1856 rmdecim
794 1790 919 1872 primos
956 1791 1088 1855 insertas
1122 1790 1168 1855 eis
1202 1788 1352 1873 epistolae
1383 1792 1452 1855 tres

322 1897 391 1982 (37.
415 1899 467 1965 38.
492 1901 556 1981 10),
580 1901 744 1969 Pmdentii
770 1920 878 1967 nerone
900 1902 930 1966 et
949 1920 1074 1967 carmen
1096 1900 1244 1976 rooldcr
1265 1904 1452 1964 semorum

324 2016 505 2093 mortprcm
517 2010 676 2095 Cypriam
687 2012 815 2095 Spcroti
824 2000 1034 2077 Poetoteenis
1047 2018 1100 2078 etc.
1115 2032 1152 2080 ex
1165 2013 1267 2078 codice
1279 2012 1452 2078 Parisienei

331 2122 412 2187 1647
428 2123 467 2189 A.
485 2123 548 2208 (Pr
570 2125 702 2191 ettennon
722 2144 850 2208 operum
865 2126 986 2207 portem
1000 2126 1073 2190 inde
1083 2125 1127 2190 eb
1140 2126 1278 2209 epistole
1286 2126 1336 2190 00
1346 2144 1451 2207 neone

327 2234 367 2298 ed
389 2235 407 2298 7
430 2234 717 2317 excommunicari
737 2237 789 2323 (ll)
812 2238 978 2303 immutato
998 2236 1063 2303 tere
1085 2238 1200 2317 ordine,
1226 2239 1307 2303 inter
1329 2237 1453 2319 relique

328 2346 478 2428 epistulas
491 2346 622 2413 seriores
635 2349 729 2429 etque
743 2366 821 2430 quse
834 2350 970 2414 nondum
986 2350 1069 2415 edite
1082 2350 1170 2415 erent
1184 2350 1216 2414 et
1231 2349 1380 2441 epistolas
1394 2350 1450 2414 21.

324 2458 378 2525 22.
395 2458 463 2522 set
476 2460 624 2541 opuscula
636 2459 742 2542 epuiis
756 2460 892 2543 quinque
905 2481 943 2525 ex
963 2462 1065 2527 codice
1080 2461 1179 2526 Petis.
1198 2462 1289 2539 1648,
1310 2462 1453 2527 semine

328 2588 365 2635 ex
376 2570 479 2635 codice
489 2569 643 2635 victorico
654 2572 719 2637 380
729 2573 958 2639 accuratissime
970 2573 1133 2655 descripsit
1143 2574 1177 2637 et
1188 2572 1372 2637 emendetit.
1389 2572 1456 2648 its:

328 2698 387 2761 qne
399 2680 569 2755 Moreliane
582 2682 719 2765 reliquos
728 2683 797 2750 ‚tem
807 2684 989 2768 integritate
1003 2686 1231 2766 superetqusm
1247 2682 1458 2747 recentiorum

329 2792 469 2862 codicum
503 2794 697 2877 plebeculam
722 2796 765 2861 et
794 2796 1018 2861 intentioribus
1047 2796 1165 2860 uirtute
1192 2794 1331 2879 superari
1359 2812 1459 2876 supro

330 2905 576 2972 demonstratum
591 2909 647 2971 est¹
1186 2968 1190 2979 .

372 3015 533 3099 Optimam
553 3018 675 3083 Morelii
696 3018 863 3085 editionem
884 3016 1165 3099 pessime‘Pemslii
1186 3018 1292 3081 secute
1314 3017 1371 3080 ost.
1395 3016 1456 3097 qui

197 3119 245 3149 ‘¹¹¹⁰
277 3119 311 3148 ¹¹³·
330 3148 402 3195 oum
423 3132 583 3213 conplures
599 3148 699 3195 'onnes
720 3130 784 3195 ism
804 3129 877 3194 hnic
898 3129 942 3193 rei
957 3148 1081 3211 operam
1095 3129 1249 3205 deessset,
1270 3127 1459 3194 Menutiene

331 3243 363 3307 et
387 3241 558 3307 lloreliene
587 3238 694 3307 eodem
719 3242 783 3308 fere
807 3244 945 3323 tempore
974 3240 1113 3324 uolgatis
1140 3239 1275 3305 menime
1300 3238 1459 3303 incitatos

329 3351 475 3436 Cypriani
490 3372 581 3434 opera
595 3353 797 3435 Antwerpiee
813 3352 911 3417 edidit
923 3372 953 3417 a.
968 3352 1054 3419 1568
1064 3376 1071 3428 3
1082 3369 1152 3433 -qoe
1166 3352 1198 3415 in
1213 3350 1293 3415 reid
1308 3350 1458 3432 inprimis

329 3465 390 3532 eibi
410 3466 570 3548 proposuit
579 3468 622 3531 .ut
632 3465 790 3549 epistulae
803 3468 981 3546 temporum
995 3463 1193 3546 potissimum
1208 3462 1318 3527 habite
1330 3461 1459 3527 ratione

330 3596 366 3643 eo
380 3578 487 3643 ordine
501 3597 560 3660 qno
572 3597 594 3642 n
609 3577 761 3661 Opprieno
775 3577 909 3660 scriptae
920 3576 1105 3658 eooepteeue
1120 3574 1262 3651 fuissent,
1284 3572 1458 3638 exhiberet.

328 3688 474 3755 distinxit
497 3684 599 3754 tomos
617 3690 687 3753 tres
712 3706 846 3771 qnorum
869 3688 991 3771 primus
1016 3686 1167 3771 epistulas
1192 3685 1393 3767 amplectitur
1422 3685 1460 3749 in

328 3800 434 3883 plures
461 3800 574 3866 elssses
594 3800 730 3865 didisse.
759 3800 893 3882 primam
924 3799 1118 3865 constituunt
1144 3796 1314 3879 Episteetoc
1343 3798 1460 3860 statim

328 3931 351 3975 c
366 3912 527 3992 ‘demissio
556 3909 714 3992 Cypriam
742 3912 950 3991 conscriptos:
978 3912 1000 3993 †
1024 3908 1149 3975 Donati
1170 3910 1221 3973 ¹od
1249 3908 1457 3989 Opprioocem

331 4022 426 4107 (App
439 4022 559 4107 2723),
575 4022 734 4104 prmcse'
747 4022 976 4099 odDoootrcm,
992 4023 1021 4087 8.
1038 4025 1067 4089 9.
1084 4022 1113 4087 5.
1132 4020 1181 4085 14.
1199 4020 1315 4085 13.11.
1333 4020 1383 4083 10.
1400 4020 1457 4085 16.

333 4134 382 4199 10.
408 4134 456 4197 17.
480 4135 530 4199 18.
553 4136 605 4200 19.
625 4136 677 4200 20.
698 4136 749 4200 37.
772 4136 823 4201 23.
842 4135 896 4200 26.
918 4134 971 4199 iet.
987 4134 1038 4199 25.
1055 4133 1108 4198 21.
1126 4132 1178 4197 22.
1194 4132 1246 4197 27.
1261 4132 1312 4197 29.
1328 4131 1382 4195 28.
1398 4132 1462 4197 31.

332 4246 382 4311 33.
402 4245 457 4309 s4.
477 4247 602 4312 3036.
622 4249 674 4313 30.
697 4248 748 4313 32.
770 4247 820 4313 33.
842 4248 893 4312 39.
915 4244 1293 4318 40.7.12.41.42.43;
1320 4243 1460 4307 alteram

326 4355 496 4439 Epidoloc
508 4360 644 4441 sermm
657 4359 912 4442 siopomenon»
927 4357 1067 4423 dornella·
1081 4354 1236 4421 etleccii:
1261 4354 1312 4419 44.
1328 4354 1382 4419 45.
1398 4354 1456 4417 47.
