3025 4967
422 391 467 447 De
485 390 607 445 habitu
624 388 796 458 uirginum
815 405 835 443 c.
858 389 936 446 1-4.
1183 390 1247 455 189

115 549 170 613 dat
184 546 312 612 uiuendi
326 547 486 625 timorem,
510 544 566 611 dat
579 545 770 610 innocentiae
784 544 903 629 legem,
926 545 1092 626 postquam
1114 546 1247 611 contulit

115 651 298 730 sanitatem,
320 668 376 716 nec
389 649 517 716 habenis
531 649 639 714 liberis
654 650 686 714 et
700 648 811 714 solutis
826 649 935 733 uagari
949 647 1146 732 postmodum
1162 648 1246 732 pati·
1342 700 1346 711 .

113 756 181 832 tur,
215 752 269 818 sed
289 753 367 838 ipsis
387 752 493 836 potins
514 750 627 835 quibus
649 753 777 817 sanatus
799 750 901 816 fuerat
922 752 1096 833 mancipato
1118 751 1245 835 grauius

113 858 338 936 comminatur,
371 856 454 939 quod
468 856 511 921 eit
526 854 646 920 scilicet
659 855 762 919 minor
776 854 868 936 eulpa
883 853 1047 935 deliquisse
1063 855 1149 932 ante,
1172 872 1245 919 eum

83 985 93 1024 r
112 961 246 1026 necdum
259 977 364 1025 nosses
379 959 575 1041 disciplinam
589 958 663 1037 Dei,
695 958 784 1023 nulla
799 957 841 1021 sit
856 958 946 1023 uenia
960 958 1043 1023 ultra
1058 956 1246 1039 delinquere,

111 1066 276 1148 postquam
297 1064 400 1130 Deum
421 1080 510 1128 nosse
531 1061 667 1144 coepisti.
692 1061 724 1126 et
746 1060 872 1143 quidem
899 1060 957 1125 hoc
978 1061 1044 1125 tam
1065 1060 1127 1125 uiri
1150 1080 1244 1143 quam

110 1167 273 1247 mulieres,
306 1168 374 1233 tam
395 1164 483 1249 pueri
505 1183 599 1247 quam
620 1164 758 1247 puellae,
787 1182 877 1229 sexus
899 1163 999 1228 omnis
1022 1162 1120 1245 adque
1143 1163 1244 1229 omuis

109 1273 194 1337 acme
208 1271 353 1336 obeeruet
368 1270 400 1335 et
414 1270 502 1335 curet
516 1286 571 1351 pro
586 1267 738 1352 religione
753 1266 785 1332 ot
799 1267 860 1332 fide
880 1284 973 1349 quam
988 1266 1053 1331 Deo
1074 1266 1180 1343 debet,
1203 1284 1242 1331 ne

109 1374 188 1456 quod
204 1374 347 1439 sanctum
363 1374 395 1439 et
409 1391 521 1454 puram
543 1372 582 1437 de
596 1370 723 1436 Domini
748 1369 926 1453 dignatione
946 1368 1116 1453 percipitur
1136 1369 1240 1434 minus

79 1476 241 1542 ramllicito
255 1476 370 1541 timore
383 1476 533 1541 teneatur.

146 1580 240 1646 Nunc
253 1578 343 1645 nobis
356 1577 397 1643 ad
410 1578 548 1663 uirgines
563 1594 662 1642 sermo
678 1578 735 1655 eat,
751 1596 881 1659 quarum
893 1593 952 1659 quo
964 1574 1127 1641 sublimior
1138 1574 1268 1661 gloriae

105 1684 152 1748 cat
171 1682 275 1747 maior
295 1684 327 1748 et
348 1701 422 1747 cura
443 1682 501 1746 est.
522 1679 579 1745 flos
601 1680 649 1744 ast
670 1679 726 1744 ille
740 1678 939 1745 ecclesiastici
955 1677 1120 1763 germinis,
1144 1678 1236 1745 decus

104 1785 204 1868 adque
218 1786 434 1851 ornamentum
448 1785 568 1869 gratiae
583 1782 748 1867 spiritalis,
764 1782 848 1849 laeta
860 1782 994 1860 indoles,
1016 1781 1119 1848 laudm
1134 1785 1166 1849 et
1180 1783 1237 1850 ho-

104 1888 188 1954 noris
211 1906 289 1971 opus
312 1888 470 1973 integrum
485 1888 585 1969 adque
606 1886 836 1968 incorruptum,
859 1885 918 1950 Dei
932 1885 1037 1970 imago
1052 1886 1237 1970 respondens

75 1991 141 2057 aad
156 1991 397 2057 sanctimoniam
412 1990 549 2070 Domini,
564 1989 725 2056 inlustn'or
738 1989 839 2072 portio
855 1989 957 2074 gregis
973 1987 1098 2055 Christi.
1122 1988 1238 2073 gaudet

103 2112 157 2175 por
181 2092 257 2157 illas
282 2092 382 2176 adque
407 2093 441 2157 iu
466 2092 532 2158 illis
557 2092 687 2178 largiter
711 2091 801 2157 floret
823 2092 967 2158 ecclesiae
980 2092 1091 2158 matria
1107 2092 1240 2177 gloriosa

104 2195 292 2273 fecunditas,
315 2197 489 2277 quantoque
510 2195 582 2279 plus
604 2195 726 2277 copiosa
747 2195 913 2279 uirginitas
927 2213 1055 2261 numero
1070 2212 1124 2260 suo
1140 2194 1240 2273 addit,

104 2298 255 2383 gaudium
271 2298 382 2363 matris
397 2298 546 2384 augescit.
569 2297 609 2362 ad
623 2296 680 2363 hae
694 2297 867 2381 loquimur,
888 2298 945 2363 has
966 2297 1169 2365 adhortamur
1182 2298 1238 2365 ad-

103 2400 187 2467 fectu
201 2401 307 2483 potius
327 2420 420 2484 quam
435 2402 589 2486 potestate
608 2419 664 2466 nec
684 2419 744 2484 qno
760 2401 888 2467 extremi
903 2402 934 2465 et
948 2400 1072 2466 minimi
1087 2402 1120 2466 et
1134 2401 1239 2467 humi·

76 2520 99 2562 s
106 2506 207 2571 litatis
220 2507 344 2571 nostrae
358 2504 527 2570 admodum
537 2505 650 2571 conscii
662 2504 782 2586 aliquid
793 2505 833 2570 ad
845 2524 1004 2571 consuram
1014 2504 1157 2571 licentiae
1168 2506 1238 2570 uin-

107 2609 262 2688 dicemue‚
285 2608 339 2673 sed
354 2609 435 2691 quod
450 2608 490 2674 ad
505 2608 748 2675 sollicitudinem
764 2607 866 2695 magis
881 2610 965 2675 cauti
984 2610 1054 2693 plus
1070 2609 1106 2675 de
1121 2609 1237 2676 diaboli

108 2710 303 2777 infestatione
316 2712 492 2778 timeamus.

149 2814 259 2897 Neque
272 2815 374 2881 inanis
388 2816 463 2882 haec
477 2815 582 2881 cantio
597 2816 645 2881 est
658 2816 691 2880 et
704 2834 786 2880 uana
807 2815 939 2881 formido
963 2834 1040 2897 quae
1062 2816 1101 2880 ad
1124 2815 1267 2881 salatiel

108 2916 191 2980 uiam
213 2916 363 2995 consulit,
386 2935 463 3000 quae
480 2917 634 2983 dominica
655 2918 687 2983 et
708 2918 821 2984 uitalia
843 2919 1005 3000 praecepta
1027 2918 1176 2995 custodit,
1199 2919 1236 2983 ut

78 3038 182 3101 equae
202 3037 236 3085 se
258 3018 381 3085 Christo
395 3020 567 3086 dicauerim
586 3021 618 3085 et
638 3020 788 3087 acarnali
803 3020 1046 3103 eoncupiscentia
1060 3020 1235 3086 recedentes

154 3280 168 3331 1
186 3276 300 3331 uiuendi
311 3276 437 3331 timorem
449 3278 529 3343 WD,
545 3276 680 3332 uiaeuditi
696 3293 795 3333 morem
810 3276 842 3343 S,
861 3275 972 3331 uiuendi
984 3292 1069 3331 morea
1088 3277 1124 3341 V,
1142 3294 1167 3331 u.
1180 3292 1234 3332 mo·

103 3378 158 3415 reru
169 3378 202 3433 a,
216 3379 242 3416 a.
256 3366 377 3417 tenorem
390 3378 424 3417 aa
435 3368 452 3417 1
464 3363 520 3418 aod.
533 3380 586 3418 rea.
600 3363 739 3417 Balanitae
790 3364 807 3417 2
825 3365 853 3417 et
866 3363 972 3433 solutis]
985 3362 1131 3417 resolutum
1147 3363 1186 3418 W

102 3448 119 3501 6
135 3430 195 3501 dom
209 3447 234 3502 S
289 3447 305 3501 7
326 3447 411 3518 adque
430 3448 497 3503 8¹1>
514 3450 551 3519 (et
566 3451 609 3503 ita
620 3448 681 3515 sere
695 3464 801 3518 semper
811 3448 919 3504 DScel
937 3449 997 3519 δ’),
1016 3450 1096 3518 atque
1112 3448 1183 3505 We

101 3533 185 3587 omnis
206 3535 282 3588 aetas
302 3534 344 3588 ln's
364 3534 507 3589 aalma?
558 3534 592 3589 10
608 3536 742 3604 teneatur]
764 3534 830 3590 add.
845 3536 1001 3590 Pactoliue:
1020 3536 1084 3605 quia
1102 3536 1233 3605 scriptum

101 3622 160 3673 eat:
177 3620 227 3690 qui
238 3620 452 3689 perseuerauerit
463 3635 546 3689 usqne
557 3620 587 3675 in
599 3620 691 3685 flnem',
710 3620 755 3675 hic
768 3620 859 3675 saluus
872 3622 926 3675 erit
990 3622 1023 3675 11
1042 3621 1076 3676 ad
1087 3638 1137 3676 ons.
1152 3622 1182 3677 D

101 3704 134 3757 12
145 3708 188 3759 est
199 3708 274 3774 (pact
284 3708 359 3775 aura)
368 3706 601 3776 madapactiaas
610 3706 644 3761 dc
652 3706 782 3761 mariae
790 3708 882 3763 claret.
895 3708 945 3773 IV,
956 3710 1001 3774 21,
1011 3711 1048 3763 47
1099 3708 1149 3762 illa
1161 3708 1185 3763 S

99 3788 150 3843 luae
161 3793 225 3844 aunt
243 3790 307 3845 eccl
320 3808 346 3861 g.
359 3789 437 3845 flores
454 3790 539 3847 Ocea.
595 3792 628 3846 14
639 3792 723 3861 adque
738 3792 827 3847 osas
876 3794 910 3847 15
928 3792 971 3864 ad]
984 3794 1080 3864 per'W
1130 3794 1231 3849 sancti·
1283 3800 1286 3805 '

99 3876 268 3933 moniaWD
336 3876 370 3931 16
389 3876 462 3947 illas]
474 3876 548 3946 ipsas
560 3878 677 3947 dapum.
691 3878 708 3932 l.
721 3894 741 3933 c.
823 3879 935 3934 eclesiae
944 3880 1013 3945 SW3
1025 3882 1065 3935 aio
1076 3882 1233 3949 saepissime

98 3967 213 4031 acerque
222 3967 284 4017 aul
363 3962 397 4016 17
409 3964 509 4031 quanto
520 3962 615 4031 pluas
693 3964 800 4034 copiosa
812 3980 847 4020 aa
857 3965 975 4035 gloriosa
988 3966 1053 4021 Sos.
1066 3970 1096 4031 2,
1115 3966 1233 4036 gloriosa

99 4051 217 4118 dapum.
265 4049 299 4105 18
307 4051 386 4103 tanto
396 4049 456 4118 plus
464 4048 592 4119 gaudium
602 4065 637 4104 aa
645 4050 924 4122 eadgatadapaets'ai
932 4052 1180 4121 recepitPamela'ae

100 4132 206 4188 adfectu
217 4134 250 4199 S,
270 4134 419 4190 adfmtione
434 4134 518 4191 WDo
568 4136 603 4189 19
619 4152 667 4190 nea
678 4152 731 4205 quo
743 4137 811 4203 SW,
825 4154 872 4192 neo
885 4138 954 4207 quod
964 4138 1005 4202 D,
1018 4154 1070 4193 uon
1082 4138 1151 4208 quod
1164 4154 1180 4193 o

5 4223 6 4234 ¹
99 4218 134 4271 20
150 4220 288 4276 conscisS
361 4221 396 4275 21
414 4220 508 4290 quo'D
576 4222 663 4291 magis
675 4223 794 4292 pertinet
809 4224 836 4279 V
910 4226 945 4279 22
963 4225 1138 4280 intestatione
1150 4224 1179 4279 D

99 4303 134 4357 23
150 4320 235 4373 neque
250 4306 347 4363 enimc
412 4322 480 4375 qaae
493 4306 591 4361 salutis
603 4324 638 4362 aa
649 4307 697 4376 qui
708 4307 743 4362 ad
754 4310 823 4363 satis
837 4311 945 4365 Wm.2
1005 4312 1040 4366 24
1058 4314 1086 4366 et
1098 4311 1231 4366 dominica

104 4388 141 4443 W
192 4394 272 4461 utque
284 4394 314 4447 D
365 4392 402 4447 25
422 4392 636 4447 recedentiatam
648 4409 754 4448 carnem
768 4411 848 4464 quam
860 4397 981 4451 mantiS
