3025 4967
467 421 627 491 Epistula
644 421 818 476 VI-VIII.
1137 425 1205 492 485

77 580 217 644 omnium
231 579 363 644 fratrum
377 577 519 645 satisfiat.
541 585 545 598 '
563 580 682 660 oportet
696 595 751 644 nos
766 580 866 644 minen
880 579 949 662 paci
963 580 1119 645 communi
1133 597 1203 644 oon·

80 683 182 748 sulere
197 685 228 747 et
242 681 398 746 interdum
413 681 556 763 quamuis
569 699 639 746 cum
655 681 755 747 taedio
766 683 864 747 animi
879 683 977 748 nostri
988 683 1093 748 deesse
1103 682 1200 760 uobis,

80 805 120 850 no
140 785 312 868 praeseutia
333 785 430 851 nostri
453 783 605 850 inuidiam
628 786 659 850 et
681 785 863 850 uiolentiam
877 786 1042 870 gentilium
1056 787 1203 870 prouocet

78 890 111 954 et
126 889 224 953 simus
235 889 374 953 auctores
389 889 576 970 rumpendae
590 887 684 970 pacis,
701 887 754 970 qui
769 905 825 954 nos
840 888 942 972 magis
953 889 1052 971 quieti
1063 888 1202 954 omnium

57 991 234 1060 sconsulere
249 989 404 1055 debemus.
433 991 553 1072 quando
567 1007 639 1074 ergo
650 1008 705 1054 uos
720 990 904 1071 scripseritis
916 991 1007 1056 rebus
1022 990 1201 1074 compositis

76 1111 131 1158 me
145 1093 250 1158 uenire
267 1093 375 1158 debere
390 1094 445 1157 aut
460 1093 488 1158 si
502 1095 574 1158 ante
589 1093 735 1176 dignatus
757 1093 852 1158 fuerit
865 1094 1016 1158 Dominus
1031 1093 1200 1174 ostendere,

75 1197 153 1262 tune
174 1197 213 1262 ad
235 1214 288 1260 uos
310 1196 443 1262 ueniam.
474 1197 528 1262 ubi
551 1198 632 1262 enim
655 1197 733 1262 mihi
749 1199 805 1262 aut
820 1197 932 1262 mebus
946 1197 1045 1280 possit
1060 1216 1125 1263 esse
1146 1201 1202 1264 aut

75 1299 191 1364 laetius
206 1318 298 1381 quam
313 1284 379 1364 illici
395 1300 447 1364 ubi
463 1319 512 1366 me
526 1301 610 1364 Deus
624 1302 656 1364 et
671 1301 793 1365 credere
807 1300 908 1366 noluit
923 1303 955 1365 et
969 1304 1123 1366 crescere?
1152 1301 1201 1366 ui-

76 1403 210 1467 duarum
221 1404 253 1467 et
263 1403 455 1468 infirmorum
467 1404 498 1468 et
509 1404 647 1468 omnium
657 1421 828 1484 pauperum
839 1421 945 1468 curam
955 1404 1025 1486 peto
1036 1403 1203 1488 diligenter

47 1532 70 1571 n
76 1505 229 1570 habeatis.
256 1507 309 1570 sed
323 1507 353 1570 et
367 1506 537 1590 peregrinis
552 1505 643 1587 siqui
658 1505 832 1590 indigentes
844 1505 960 1570 fuerint
974 1507 1118 1588 sumptus
1128 1523 1202 1590 sug·

76 1609 194 1693 geratis
216 1609 253 1674 do
275 1609 449 1692 quantitate
470 1628 540 1673 mea
554 1609 676 1692 propria
691 1628 783 1692 quam
804 1610 887 1691 apud
900 1610 1108 1693 Rogatianum
1124 1626 1202 1673 oom-

78 1712 293 1796 presbyterum
315 1714 454 1777 nostrum
476 1712 590 1776 dimisi.
621 1731 699 1794 quae
721 1713 877 1795 quantitas
898 1731 936 1777 no
958 1711 1038 1778 torte
1052 1712 1117 1777 iam
1131 1712 1202 1776 uni-

75 1833 168 1880 uersa
182 1817 306 1898 erogata
320 1815 371 1892 sit,
394 1815 466 1879 misi
482 1815 581 1880 eidam
595 1834 649 1898 per
660 1815 811 1880 Narieum
825 1815 1005 1880 acoluthum
1019 1815 1116 1880 aliam
1130 1833 1202 1896 por·

78 1918 211 1996 tionem,
233 1920 269 1982 ut
291 1919 408 2002 largius
431 1920 462 1983 et
483 1919 656 2002 promptius
678 1918 759 1984 eirca
779 1919 954 1983 laborantes
975 1917 1032 1983 fiat
1053 1918 1198 2000 operatio.

45 2048 68 2088 n
77 2023 150 2104 opto
166 2039 229 2099 uos,
252 2021 361 2086 iratres
384 2022 550 2100 carissimi,
574 2039 693 2103 semper
706 2021 784 2087 bono
798 2021 902 2087 ualere
916 2022 963 2104 [et
976 2023 1075 2088 nostri
1089 2019 1202 2085 memi-

76 2125 168 2189 nisse.
199 2124 426 2190 fraternitatem
447 2126 584 2190 uostram
605 2142 674 2189 meo
696 2125 819 2190 nomine
840 2125 975 2190 salutato
997 2125 1029 2189 et
1050 2127 1087 2189 ut
1104 2123 1203 2189 nostri

77 2244 228 2292 memores
243 2228 307 2292 sint
320 2224 503 2314 admoneto]

354 2549 734 2662 EPISTVLA
768 2549 927 2663 VIII.

121 2787 294 2853 Didicimus
302 2790 459 2855 secessisse
467 2789 660 2855 benedictum
672 2789 823 2872 Papatom
832 2787 1020 2873 Cyprianum
1029 2808 1048 2853 a
1057 2785 1201 2852 Cremon-
1214 2798 1228 2861 1

48 2890 124 2955 sotio
138 2891 333 2972 subdiacono,
357 2892 410 2975 qui
425 2893 542 2957 auobis
555 2891 593 2957 ad
608 2910 663 2958 nos
678 2892 765 2957 uenit
778 2894 863 2957 certa
878 2912 915 2958 ex
929 2910 1029 2970 causa,
1045 2891 1126 2973 quod
1137 2890 1202 2954 uti·

129 3131 278 3185 liratrum
291 3153 330 3184 m
342 3130 374 3198 T,
392 3129 525 3183 fratruum
542 3130 579 3182 m
651 3129 797 3184 2auobis
818 3130 845 3184 V
908 3130 1031 3188 3nostri
1048 3130 1091 3198 M,
1109 3132 1201 3185 nostra

81 3216 179 3272 aare
230 3215 352 3302 gentiQm
367 3214 394 3269 V
451 3215 568 3286 4et]ut
585 3215 612 3270 V
671 3231 780 3270 nosom.
794 3215 838 3271 Eo
903 3217 993 3285 quieto
1004 3217 1073 3271 ΜΝ
1138 3215 1201 3285 tsi]

82 3345 155 3400 sitl'
196 3301 405 3430 anteuodriigaii
453 3342 634 3399 dominusom.
648 3343 678 3398 Ε
733 3344 886 3400 ostenderet
900 3347 926 3400 Τ
970 3345 1168 3413 iuenianth

83 3449 147 3503 mihi
158 3453 207 3503 aut
219 3465 268 3503 ona
282 3449 315 3502 N
368 3449 416 3502 aut
430 3449 458 3500 et
472 3448 567 3502 melida
580 3447 610 3502 E
663 3449 681 3502 8
698 3449 797 3504 laatim
867 3449 1008 3504 uiduarum
1018 3451 1047 3502 et
1058 3465 1108 3503 om.
1122 3448 1153 3501 Ε

83 3533 142 3590 deus
154 3535 221 3602 NV,
238 3517 360 3589 ortium
430 3536 514 3604 prisea
531 3537 559 3588 et
575 3550 624 3589 oen.
639 3533 677 3587 Μ
748 3533 870 3588 dominus
888 3551 945 3588 essa
962 3534 1081 3589 decreuit
1098 3535 1202 3590 Manu·

83 3620 135 3674 tias
204 3619 239 3674 10
256 3623 375 3690 sumptos
387 3621 421 3676 N
480 3620 512 3675 11
530 3620 624 3689 propia
635 3619 699 3676 ΜΤ
761 3620 1000 3690 cumpresbiternm
1015 3622 1041 3675 Τ
1107 3622 1140 3683 12
1157 3621 1202 3676 de-

86 3706 146 3760 misi
160 3708 185 3761 Τ
229 3705 263 3760 13
275 3705 428 3760 acoluthum
442 3707 473 3771 Τ,
486 3705 613 3760 acolitum
625 3707 662 3772 N,
675 3706 824 3774 accolytum
836 3707 866 3760 E
911 3706 946 3762 14
962 3706 1113 3776 prumptius
1123 3707 1160 3761 Μ

89 3792 123 3851 15
139 3795 167 3846 et
178 3791 265 3846 nostri
279 3791 471 3846 ...admonete
483 3808 532 3846 oea
546 3791 672 3848 EMNT.
695 3819 725 3832 -
746 3791 788 3847 Ad
805 3792 906 3846 olorum
917 3794 1024 3860 propter
1035 3808 1126 3846 curam
1137 3809 1202 3861 pau·

87 3893 173 3946 perum
184 3877 296 3948 explicit
307 3877 403 3946 EMT,
421 3893 471 3932 om.
484 3877 520 3933 N.
530 3907 564 3918 -

134 3982 220 4050 Epist.
232 3980 309 4034 vul.
323 4009 354 4021 -
367 3981 469 4050 Incipit
485 3980 629 4036 rescribens
647 3980 768 4037 Celerino
784 3981 901 4036 Luciano
920 3984 951 4047 Τ,
968 3981 1091 4052 Epistola
1102 3983 1202 4037 confes·

89 4082 171 4122 sorum
182 4066 215 4122 da
226 4065 359 4135 ortgendis
371 4066 454 4135 lapsis
466 4069 494 4121 et
506 4066 540 4121 ad
550 4067 727 4136 penitentiam
739 4067 913 4137 prouocaudis
927 4088 957 4134 φ,
970 4067 1087 4123 Celerini
1095 4084 1202 4138 respon·

90 4153 126 4206 sio
136 4153 168 4208 sd
179 4153 327 4207 Luciannm
343 4152 376 4206 de
388 4169 451 4208 eura
462 4153 576 4221 pastoris
595 4156 622 4207 at
640 4152 674 4207 ad
685 4153 847 4209 obuiandum
866 4152 1029 4208 idolatriam.
1064 4152 1205 4209 Celerinus

90 4237 199 4292 Luciano
212 4237 326 4292 salutem
334 4254 366 4306 w,
374 4238 438 4292 Alia
449 4239 579 4308 rescripta
588 4258 616 4308 p.
631 4269 658 4278 -
670 4239 703 4292 19
715 4237 829 4293 dicimus
841 4259 863 4305 φ
918 4254 1015 4308 papam
1026 4257 1052 4304 o,
1064 4254 1112 4293 osa
1125 4244 1164 4293 so¹

90 4339 162 4378 aaa
174 4343 193 4394 p
249 4323 408 4394 oromcniop
465 4324 500 4380 20
517 4325 625 4380 diacono
637 4341 685 4394 pro
747 4341 779 4380 ex
790 4341 871 4394 oacp
927 4324 1007 4395 quod]
1020 4341 1085 4394 quos
1100 4325 1126 4380 Τ
1189 4371 1204 4389 ,,
