3025 4967
289 383 354 447 268
701 379 846 433 Caecilii
865 378 1027 449 Cypriani

289 555 350 618 qne
365 536 432 601 eius
448 555 518 600 uere
532 538 564 600 et
579 536 762 618 spiritaliter
777 535 948 600 adoremus.
965 555 1044 618 quae
1060 535 1141 600 enim
1158 535 1259 618 potest
1275 553 1338 600 esse
1354 535 1416 617 spi-

290 638 393 704 ritalis
409 639 505 704 oratio
521 658 614 721 quarn
630 657 707 721 quae
722 657 741 702 a
755 637 877 704 Christo
893 637 980 703 nobis
996 638 1070 704 date
1085 638 1147 715 ost,
1170 657 1188 702 a
1210 655 1270 720 quo
1284 638 1370 702 nobis
1385 641 1415 703 et

290 742 427 826 Spiritus
448 744 572 807 sanetus
598 741 713 807 missus
739 742 802 820 est,
827 761 905 824 quae
934 760 1007 807 nera
1032 742 1108 824 aput
1134 743 1255 824 patrem
1285 743 1414 824 precatio

288 866 386 928 quam
408 865 486 928 quae
508 865 527 911 a
547 845 612 910 filio
635 845 688 929 qui
711 846 759 911 ost
781 846 896 910 ueritas
918 846 956 910 de
979 845 1045 910 eius
1071 863 1122 911 ore
1148 845 1268 927 prolata
1293 846 1360 910 est?
1381 847 1415 910 ut

289 949 382 1014 aliter
397 968 484 1015 orare
499 968 592 1032 qnam
607 948 711 1013 docuit
736 968 797 1015 non
824 949 999 1032 ignorantia
1025 949 1091 1014 sola
1115 949 1158 1013 sit
1184 949 1237 1014 sod
1264 949 1295 1013 ot
1320 948 1435 1030 culpas

290 1051 412 1134 quando
427 1051 494 1136 ipse
509 1051 646 1136 posuerit
660 1053 692 1116 et
707 1051 834 1116 dixerit:
858 1052 1014 1117 reicitis
1029 1053 1254 1117 mandatum
1268 1051 1355 1129 liei,
1377 1053 1417 1116 nt

290 1155 548 1221 traditionem
571 1157 744 1221 uestram
767 1156 972 1220 statuatis.

257 1257 276 1319 3
333 1259 463 1325 (iremus
479 1259 594 1341 itaque,
610 1258 721 1324 statres
736 1258 942 1338 dilectissimi,
958 1258 1040 1324 siout
1051 1259 1200 1343 magister
1211 1259 1295 1324 Deus
1307 1257 1415 1332 docuit.

289 1364 390 1430 amica
405 1364 436 1428 et
451 1363 616 1428 familiaris
631 1363 729 1429 oratio
744 1364 792 1428 est
805 1363 907 1427 Deum
923 1362 961 1427 de
976 1381 1031 1427 sno
1046 1379 1168 1446 rogare,
1191 1362 1230 1428 ad
1250 1380 1339 1428 aures
1354 1363 1416 1428 eius

289 1467 452 1533 escendere
467 1465 584 1532 Christi
599 1467 780 1533 orationem.
804 1467 1056 1551 agnoscatpater
1076 1465 1134 1531 lilii
1150 1466 1198 1531 sui
1214 1466 1325 1544 uerba,
1349 1485 1446 1534 cumo

287 1589 411 1654 precem
437 1572 584 1639 tacimus:
608 1575 661 1657 qni
675 1573 799 1639 habitet
814 1574 899 1639 intus
914 1573 947 1638 in
961 1574 1083 1656 pectore
1103 1573 1169 1656 ipse
1183 1573 1226 1639 sit
1241 1575 1274 1638 et
1289 1574 1322 1638 in
1336 1590 1415 1652 noce,

287 1677 321 1740 et
347 1693 418 1740 cnm
444 1676 546 1758 ipsum
571 1677 737 1743 habeamus
764 1680 839 1760 aput
860 1678 982 1759 patrem
1008 1678 1194 1743 aduocatum
1218 1695 1273 1760 pro
1288 1665 1436 1759 peecata

286 1780 417 1857 nostris,
441 1779 562 1861 quaudo
576 1781 749 1862 peccatores
765 1799 820 1863 pro
836 1779 958 1846 delictis
973 1781 1086 1844 nostris
1101 1781 1254 1862 petimus,
1277 1779 1416 1846 aduocati

287 1883 387 1947 nostri
402 1883 496 1947 uerba
511 1901 699 1966 promamus.
722 1903 795 1947 nam
816 1901 887 1947 cum
903 1882 1001 1947 dieat:
1036 1883 1128 1965 quia
1150 1882 1416 1966 quodcumque

287 1985 528 2066 petierimus
560 2005 579 2050 a
611 1989 722 2068 putre
754 1987 796 2052 in
830 1987 982 2051 nomino
1022 1986 1107 2050 eius
1148 1985 1257 2052 debit
1294 1985 1445 2062 nobiae

285 2090 403 2169 quanto
430 2087 586 2154 efficacius
610 2089 815 2172 impetramus
837 2089 918 2172 qnod
942 2090 1077 2173 petimus
1093 2089 1211 2155 Christi
1234 2091 1367 2168 nomino,
1390 2089 1415 2154 si

287 2195 430 2274 petamus
446 2193 543 2276 ipsius
558 2193 718 2258 oratione?

253 2302 274 2362 4
330 2293 380 2359 Sit
394 2297 500 2360 autem
515 2297 675 2362 orantibus
690 2309 793 2364 sermo·
805 2299 837 2364 et
851 2299 986 2380 precatio
1001 2318 1073 2363 cum
1095 2298 1260 2383 disciplina
1284 2299 1415 2381 quietem

287 2401 447 2465 continens
463 2402 494 2465 et
509 2401 666 2482 pudorem.
691 2403 863 2486 cogitemus
887 2417 955 2468 nos‘
970 2402 1027 2468 sub
1054 2403 1217 2486 conspectu
1243 2403 1304 2467 Dei
1329 2403 1415 2466 staro.

286 2503 472 2584 placendum
498 2506 546 2569 est
571 2505 687 2570 diuinis
714 2505 811 2570 oculis
837 2507 868 2571 et
893 2506 1004 2572 habitu
1019 2508 1153 2590 eorporis
1169 2509 1201 2573 ot
1215 2507 1308 2572 modo
1324 2503 1445 2569 uocisro

286 2626 361 2670 nem
387 2608 424 2670 ut
449 2606 627 2690 inpudentis
653 2610 701 2674 est
716 2610 904 2676 clamoribus
919 2612 1071 2694 strepere,
1095 2611 1141 2676 itu
1155 2611 1261 2676 eontra
1278 2607 1416 2693 oongmit

287 2710 459 2775 uerecundo
474 2711 623 2777 modestis
638 2713 780 2795 precibus
802 2733 897 2780 orare.
920 2716 1051 2797 denique
1073 2713 1255 2799 magisterio
1279 2732 1334 2778 suo
1355 2711 1415 2776 Do-

287 2813 392 2877 minus
407 2816 523 2879 secrete
537 2833 624 2880 orare
639 2833 693 2880 nos
708 2817 875 2900 praecepit,
893 2817 926 2882 in
942 2817 1059 2882 abditis
1075 2817 1106 2881 et
1122 2816 1250 2881 semotis
1266 2815 1358 2892 locis,
1386 2814 1416 2876 in

285 2916 440 2982 cubiculis
455 2917 547 2999 ipsis,
571 2918 653 3000 quod
679 2921 782 3003 magis
808 2921 953 2985 conuenit
978 2918 1066 2997 fidei,
1091 2921 1127 2984 ut
1154 2919 1291 2984 sciamus
1317 2918 1415 2982 Deum

276 3017 402 3100 ubique
418 3037 482 3085 esse
497 3022 705 3103 praesentem,
729 3021 836 3086 audire
865 3041 971 3087 omnes
998 3024 1030 3088 et
1055 3023 1161 3088 uidere
1187 3023 1219 3087 et
1244 3019 1416 3087 maiestatis
1425 3041 1447 3080 ιι

275 3138 363 3187 ‘suae
387 3123 580 3204 plenitudino
606 3126 639 3190 in
665 3125 772 3191 abditu
798 3143 918 3208 quoque
943 3127 974 3191 et
1000 3128 1120 3193 occulte
1141 3127 1316 3210 penetrare,
1339 3122 1416 3188 sicut

285 3225 439 3306 seriptum
465 3226 529 3291 est:
564 3245 631 3311 ego
660 3228 764 3295 Dens
792 3229 1067 3312 adproximans
1095 3233 1133 3296 et
1160 3250 1231 3297 non
1253 3230 1354 3294 Dens
1375 3225 1416 3288 de

286 3327 514 3411 longinquo.
549 3331 581 3395 si
603 3332 863 3397 absconditus
896 3332 1019 3399 fuerit
1051 3335 1158 3399 homo
1191 3335 1230 3398 in
1263 3333 1415 3398 abscon·

285 3429 400 3509 ditis,
435 3450 505 3515 ego
527 3451 618 3517 ergo
641 3452 713 3499 non
736 3436 876 3503 uidebo
905 3441 1010 3503 oum?
1043 3456 1165 3504 nonno
1199 3436 1349 3502 ceolum
1380 3433 1416 3496 et

285 3535 434 3601 terram
458 3556 526 3620 ego
549 3538 699 3620 inpleo?
721 3542 753 3604 et
777 3541 907 3606 iterum:
936 3542 1097 3608 inomni
1120 3541 1205 3606 loco
1227 3538 1332 3605 oculi
1349 3535 1447 3602 Deio

285 3789 355 3844 301>
389 3706 651 3777 6Μιιιιι.15,6(ιι.
664 3711 745 3764 Maro.
760 3712 784 3776 l,
797 3711 842 3778 8.).
902 3713 935 3766 14
948 3713 984 3766 lo.
999 3713 1038 3776 16,
1048 3712 1090 3766 23.
1149 3711 1183 3765 27
1196 3709 1270 3764 Hier.
1280 3708 1413 3773 23,23sq.

285 3793 294 3808 ⁴
356 3807 410 3846 rou.
423 3794 464 3858 15,
473 3795 497 3848 3.

293 3931 354 4018 Νι
373 3931 524 3998 specuum
540 3933 566 3987 e
642 3935 844 4004 rpuiurrsosso
858 3937 907 4000 W,
930 3936 1087 4006 aromagis
1100 3935 1261 4006 spiritaliso
1345 3914 1415 3988 edi

274 4017 374 4087 ¹spaG
443 4033 506 4072 uera
517 4021 560 4074 est
575 4019 613 4084 G,
632 4022 824 4091 noramegiso
904 4023 1049 4086 doreW,
1069 4023 1190 4092 opereG
1258 4021 1415 4076 8dominna

286 4105 445 4176 Krubinper
497 4105 668 4162 9dominum
681 4107 708 4160 V
756 4107 883 4162 eiuscius
900 4107 937 4162 θ*
991 4108 1024 4162 10
1041 4109 1185 4164 orationeo
1249 4107 1371 4177 agnoscit
1384 4121 1416 4159 ccc

286 4195 415 4259 agnoscet
431 4193 532 4246 (rim
619 4194 653 4248 16
670 4192 865 4262 impetrabimus
877 4210 929 4248 reo.
945 4193 1108 4264 Krabirrper
1194 4194 1223 4249 in
1240 4194 1365 4248 christio

284 4275 321 4330 20
338 4276 418 4330 modu
435 4278 468 4330 W
516 4278 550 4332 21
568 4281 661 4332 contra
676 4279 741 4333 We.
752 4279 769 4332 l.
782 4297 816 4332 m.
826 4279 1021 4344 2‚econtraG
1072 4281 1106 4334 23
1124 4284 1251 4336 secretoo
1305 4275 1413 4332 semotis

288 4361 327 4427 G,
346 4364 454 4418 secretis
471 4365 510 4418 W
559 4365 594 4418 26
611 4364 745 4420 inonaG
796 4365 1005 4420 suestanus
