3025 4967
1069 402 1180 457 n'xxlx

61 550 200 615 Rderod
221 548 409 632 ditipentias
426 548 523 613 multo
536 568 632 629 paam
645 547 793 611 todmm
807 564 941 627 nsquam
955 544 1181 625 eccenplarinm

60 683 155 725 nana
176 660 369 742 scriptoram
389 659 526 724 sntsidio
540 679 562 723 a
575 658 698 722 mendis
717 656 894 723 uindicata.
920 654 999 721 Cam
1012 657 1182 721 accessione

59 773 154 837 teani
169 772 337 854 Cypriano
350 770 500 851 imcripti
513 769 682 835 admodum
692 770 754 851 pij,
768 767 819 833 De
830 768 990 849 Martyrio
1004 767 1126 849 duplici
1140 767 1183 832 ad

61 884 283 949 Fortunatam.
304 882 507 947 Accesserant
520 881 738 946 maddiones
752 880 887 947 Erasini
905 931 911 944 .
925 927 952 945 ..
968 930 974 943 .
992 878 1037 943 Et
1051 879 1182 945 adnne-

62 995 224 1059 tianmdue
244 1013 298 1058 sea
317 994 535 1077 custipationes
553 992 672 1075 alienet
691 992 863 1057 doctissimi
880 990 1041 1072 nimiaque
1055 990 1183 1073 linpace

6 1189 7 1194 ἵ
62 1108 122 1169 uiri
129 1105 274 1171 Henrici
283 1104 413 1187 tiranii,
427 1104 531 1169 menes
544 1103 622 1169 illue
635 1104 761 1185 camme
771 1108 799 1169 et
804 1124 937 1185 paneae,
951 1102 1003 1167 scd
1014 1107 1183 1184 montanae

6 1197 7 1276 ξ
59 1224 160 1281 tumen
174 1222 205 1283 et
219 1216 371 1281 nuditus.
389 1214 435 1280 Et
449 1215 546 1281 index
559 1234 661 1280 nonas
675 1215 826 1297 copiosior
839 1219 957 1279 uetusto
969 1213 1026 1279 illo
1039 1218 1067 1279 et
1081 1214 1184 1297 inopis

60 1330 206 1412 cumas,
237 1328 305 1392 iam
329 1347 434 1393 recens
458 1347 553 1409 opera
578 1326 815 1392 Bartholomaei
840 1325 1008 1391 laurentii
1036 1324 1182 1390 adiectas.

64 1440 210 1506 t‘ctonice
230 1460 269 1503 eu
282 1439 414 1521 offiano
433 1438 659 1522 typopraplcica
672 1437 764 1502 Petri
782 1436 910 1513 Qnentel
929 1456 1030 1503 mense
1044 1436 1184 1519 Aspasia

61 1552 137 1614 unni
146 1554 223 1632 post
240 1549 403 1615 Ctridam
418 1554 531 1613 mam
539 1549 751 1613 MDXLIIII,
768 1552 891 1633 propter
904 1549 960 1613 has
974 1546 1082 1614 Grauii
1095 1550 1185 1614 notas

65 1662 136 1727 falso
151 1660 269 1727 Grauii
283 1680 349 1727 esse
362 1661 498 1726 creditur
512 1660 601 1743 quasi
617 1659 751 1726 Grauia
767 1678 834 1725 eam
849 1660 1028 1738 accusasset,
1044 1660 1185 1743 quamuis

62 1770 92 1836 in
100 1771 295 1856 praefatione
306 1773 344 1836 de
355 1770 602 1837 annotationibus
616 1771 718 1837 nescio
730 1771 800 1853 quis
812 1772 983 1855 scripserit:
1000 1771 1057 1835 las
1067 1770 1121 1835 air
1131 1770 1186 1836 illc

62 1884 261 1948 doctissimas
274 1902 312 1947 ec
324 1884 540 1965 mamistriptc
554 1882 713 1965 Cypriani
730 1882 831 1949 codice
845 1883 1030 1961 obseruatus,
1043 1884 1080 1947 in
1094 1903 1186 1948 mmm

60 1995 120 2060 siti
132 1994 271 2060 codicem
286 1994 466 2059 mmcissime
479 1999 604 2060 tantam
617 1999 755 2073 notarat,
770 2015 835 2059 non
846 1995 883 2059 in
893 1994 947 2061 lloc
957 1999 990 2059 nt
1002 1998 1045 2060 sic
1058 1996 1186 2060 seorsim

60 2106 237 2184 ederentm,
261 2106 315 2170 sed
339 2110 375 2169 nt
395 2126 433 2171 en
457 2104 618 2171 minmine
642 2105 745 2187 ipsias
769 2110 937 2187 eucapiae,
962 2124 1061 2171 nonae
1087 2106 1187 2172 alieni

63 2216 196 2281 aldioni
215 2217 390 2283 maniter.
422 2203 503 2283 Veris
521 2217 599 2298 qnia
618 2216 656 2281 in
676 2216 735 2281 tce
754 2217 888 2282 editione
905 2236 1100 2300 propressam
1120 2222 1188 2283 crat

66 2328 275 2409 dr'puoasqnc
292 2327 486 2409 pmaspnam
510 2328 599 2392 notis
620 2327 658 2391 de
681 2327 749 2393 illis
773 2332 935 2406 conderet,
961 2348 1001 2393 nc
1021 2328 1110 2395 lector
1134 2328 1188 2394 loc

65 2439 278 2519 undicunque
292 2438 446 2503 commodo
454 2439 654 2520 priaaretar,
668 2439 804 2519 oportuit
815 2438 859 2501 ad
869 2438 952 2503 tnnc
965 2438 1088 2505 modum
1102 2444 1188 2505 ante-

64 2550 163 2613 riores
193 2549 330 2613 illarum
357 2549 409 2614 lic
434 2550 560 2615 seorsim
588 2536 732 2633 emanas.
762 2569 840 2613 nam
862 2550 1056 2630 posteriores,
1080 2570 1119 2613 nc
1144 2550 1189 2615 sis

65 2661 214 2738 iescam,
240 2659 371 2723 eddioni
392 2659 465 2725 taio
485 2662 552 2725 sais
565 2661 691 2743 passim
711 2660 786 2726 locis
805 2664 880 2725 sant
899 2661 1044 2726 inance.
1068 2661 1138 2745 plus
1156 2662 1189 2726 in
1236 2694 1310 2737 Em„

64 2770 267 2835 emendandis
279 2768 423 2854 Cypriani
436 2772 579 2854 operibus
593 2772 750 2856 praestitit
763 2771 859 2837 editio
874 2790 952 2853 quse
966 2792 993 2837 a.
1012 2772 1093 2837 1563
1107 2772 1189 2855 apud
1206 2764 1340 2807 mm·
1465 2774 1471 2783 ’

6 2921 7 2924 =
64 2883 201 2947 Paulum
226 2881 405 2946 Minatium
425 2882 541 2948 Βοωαο
565 2882 691 2967 prodiit.
721 2884 852 2949 Latinus
877 2883 1017 2949 Latinius
1043 2884 1095 2966 qui
1120 2902 1188 2949 eam

64 2992 436 3059 miseramina
456 2996 571 3077 recepit
592 2995 741 3077 epistulas
756 2995 863 3060 eodem
878 2994 983 3060 ordino
997 2995 1030 3060 in
1044 2997 1189 3078 quattuor

64 3103 161 3167 libros
183 3102 323 3185 digestas
342 3103 446 3185 eisque
465 3104 579 3170 adiecit
600 3106 745 3187 quintum
760 3106 1013 3189 complectentem
1030 3107 1069 3172 16
1084 3125 1188 3191 nouas,

65 3233 104 3277 sc
127 3214 185 3280 81.
205 3214 237 3279 5.
255 3214 306 3279 34.
321 3213 373 3278 27.
389 3214 441 3279 35.
459 3215 510 3279 33.
526 3214 577 3279 41.
594 3216 646 3280 62.
661 3216 711 3281 80.
729 3216 778 3281 77.
797 3218 846 3283 79.
862 3217 913 3283 31.
930 3217 980 3283 36.
996 3218 1047 3283 23.
1063 3218 1113 3283 24.
1129 3219 1187 3295 42;

6 3401 7 3414 ¹
65 3326 187 3408 reliqua
206 3344 299 3408 opera
317 3326 450 3411 genuina
464 3344 497 3391 se
507 3327 664 3409 excipiunt
677 3328 714 3392 ut
727 3328 809 3411 apud
823 3328 996 3394 Erasmum.
1018 3327 1190 3410 spuriorum

6 3437 8 3520 Ι
66 3437 206 3501 ordinem
231 3436 325 3519 paulo
350 3436 487 3501 mutauit
511 3437 615 3519 eisque
640 3437 761 3503 addidit
786 3438 902 3503 librum
923 3437 973 3503 De
998 3438 1188 3519 spectaculis.

69 3549 223 3632 apparent
236 3548 335 3632 igitur
348 3549 381 3613 in
395 3548 453 3613 hac
467 3548 600 3613 editione
615 3548 765 3631 epistulae
780 3549 974 3635 septuaginta
988 3550 1112 3632 septem.
1137 3551 1190 3617 sed

6 3733 7 3748 .
69 3660 267 3724 innotuerant
280 3659 404 3724 Latumo
424 3678 537 3725 omnes.
559 3660 597 3725 de
617 3662 763 3742 quattuor
783 3662 865 3725 enim
884 3681 960 3744 quae
981 3660 1191 3727 desiderantur

6 3753 10 3900 i
70 3770 142 3835 haec
168 3771 352 3836 maistin
373 3770 569 3836 Bibliotheca
593 3790 686 3835 sacro
708 3790 738 3853 p.
762 3772 838 3837 174:
860 3777 888 3835 et
910 3772 982 3837 laec
1004 3792 1071 3839 nna
1092 3774 1191 3837 triam

6 3917 7 3946 ;
71 3883 234 3968 (natales
249 3883 279 3947 8.
294 3882 348 3947 22.
363 3882 406 3948 23
420 3882 511 3966 dicit)
533 3881 736 3963 epistolarum
749 3888 802 3965 est,
823 3903 901 3964 qnae
915 3887 951 3948 in
965 3884 1082 3949 dnoms
1104 3884 1190 3950 Vati·

71 3997 160 4059 canis
179 4000 208 4059 et
220 3995 260 4059 in
274 3994 476 4059 Bononiensi
495 3994 684 4059 monasterio
698 3994 810 4060 Sancti
826 3994 1004 4061 Salinatoris
1017 4016 1038 4058 a
1052 4017 1098 4061 me
1117 4001 1191 4062 snat

74 4111 302 4186 reperiamnon
306 4105 436 4188 placuit
445 4106 495 4187 ijs,
506 4105 561 4187 qni
563 4106 1190 4188 prueaantntinemcndotaeederentnr,

74 4218 327 4295 acmudmodam
352 4236 419 4281 non
440 4216 618 4297 probarunt
644 4216 834 4281 Firmiliani
858 4217 1019 4298 epistolam
1046 4223 1100 4307 (z
1124 4219 1189 4305 75),

6 4362 8 4413 p
75 4334 349 4406 anamnemoonte
359 4327 514 4405 etiarm,
524 4346 562 4392 en
572 4328 775 4393 mnetrisessc
780 4330 1013 4411 proferendam,
1029 4332 1099 4413 etp.
1113 4332 1189 4399 ltu:
