3025 4967
354 414 466 461 xuvm

354 569 391 617 ox
405 550 573 617 uetustiore
594 550 697 617 codice
716 568 777 615 non
798 552 941 617 omnibns
956 551 1095 617 isdemne
1116 552 1237 630 mendis
1251 552 1344 635 atque
1359 552 1385 616 Τ
1399 553 1487 619 labo-

353 663 436 728 ranti
462 664 585 728 seruata
611 680 675 728 esse
701 661 876 746 putandum
900 663 953 730 sit.
982 663 1207 730 emendationis
1234 665 1339 729 antem
1361 666 1488 730 conatus

355 794 373 840 a
393 774 576 859 Baginensis
602 774 786 858 corruptelis
812 774 1057 873 proficiscuntur,
1082 775 1144 841 nisi
1169 774 1251 858 quod
1276 775 1373 841 etiam
1396 796 1488 843 noras

356 886 526 970 scripturae
555 885 737 951 coniecturis
766 886 940 953 temerariis
969 888 1109 953 tentatae
1138 888 1219 953 sunt.
1256 907 1318 971 qua
1342 888 1376 952 in
1401 907 1434 954 re
1459 888 1487 952 si

355 998 467 1063 menda
491 996 640 1063 nonnulle
665 1016 763 1080 parua
787 997 907 1063 scilicet
929 999 961 1063 et
983 997 1089 1064 senilia
1109 1000 1192 1065 recte
1218 1000 1381 1066 emendata
1403 1002 1485 1085 sunt,

355 1109 413 1175 hoc
427 1109 507 1174 nihil
521 1107 616 1174 habet
631 1109 792 1175 momenti.
814 1109 925 1176 horum
946 1110 1086 1175 codicum
1102 1102 1347 1177 coniunctionem
1362 1112 1485 1194 stirpis·

187 1225 190 1233 ’
218 1213 220 1219 ’
355 1238 414 1303 qne
439 1220 690 1305 propagationem
717 1220 861 1302 quamuis
886 1220 1062 1287 accuratius
1087 1220 1231 1307 intellegi
1252 1222 1334 1287 nihil
1354 1223 1488 1303 intersit,

355 1330 738 1415 hooartificioerplioaui:
1136 1321 1140 1330 ’

549 1555 603 1644 (¹)

546 1867 604 1935 pn

73 2014 77 2019 ·
215 2004 330 2057 renea·
357 1978 438 2043 inter
459 1978 608 2062 epistulas
623 1997 695 2046 nero
711 1980 785 2047 illas
799 1981 936 2065 quinque
950 1985 1025 2048 sunt
1038 1982 1068 2048 8.
1083 1983 1136 2049 21.
1152 1982 1204 2048 22.
1221 1983 1272 2048 23.
1288 1982 1341 2062 24,
1363 1983 1403 2049 de
1417 1984 1487 2065 qui·

193 2074 416 2197 fflffigbus
436 2088 488 2155 hic
508 2091 614 2173 paucis
633 2092 789 2178 agendum
811 2095 869 2171 est,
893 2094 967 2175 qnia
981 2112 1034 2159 eas
1047 2113 1107 2160 non
1122 2094 1169 2159 ita
1181 2094 1276 2174 edidi,
1304 2095 1341 2161 ut
1354 2095 1486 2161 mendas

201 2211 342 2265 ommno-0·
359 2218 424 2265 essa
449 2201 526 2266 bens
553 2201 701 2267 intellexi.
727 2222 787 2269 non
810 2206 884 2270 sunt
897 2204 1045 2289 Cypriani
1065 2225 1122 2271 nee
1136 2226 1156 2271 a
1170 2207 1249 2273 uiris
1270 2207 1401 2273 eruditis
1415 2226 1488 2273 con·

359 2312 503 2394 scriptae,
518 2313 572 2378 sod
584 2314 622 2379 ab
635 2313 815 2381 hominibus
828 2315 883 2400 qni
894 2317 1036 2401 lingnam
1050 2318 1183 2385 latinam
1192 2334 1255 2384 non
1266 2318 1355 2384 illam
1369 2318 1486 2385 littaris

357 2427 539 2507 usurpatam
555 2428 587 2492 et
599 2426 796 2510 perpolitam,
814 2426 869 2493 sed
883 2446 945 2510 qna
958 2430 1075 2513 uulgm
1089 2431 1160 2495 tum
1173 2429 1207 2495 in
1217 2429 1327 2495 Africa
1340 2430 1488 2495 utebatur

357 2538 528 2631 uenissent,
550 2538 643 2621 atque
659 2539 810 2605 sermonis
825 2540 968 2624 uulgaris
982 2541 1050 2606 tota
1064 2540 1244 2612 deformitas
1258 2542 1386 2625 apparot
1400 2541 1434 2605 in
1449 2540 1486 2620 Τ,

354 2650 388 2715 in
413 2650 523 2717 ceteris
551 2650 648 2716 uariis
677 2652 862 2718 coniecturis
891 2652 1057 2718 obscurata
1084 2654 1141 2717 est.
1172 2654 1218 2719 sic
1246 2653 1364 2738 legitur
1392 2652 1427 2717 in
1452 2669 1488 2717 so

355 2780 385 2843 p.
400 2761 518 2841 488,12
538 2762 666 2827 mactat
681 2782 745 2843 pro
764 2782 870 2827 comm
891 2761 1048 2850 (mustus
1067 2762 1170 2852 pop),
1192 2764 1310 2844 530,19
1322 2782 1383 2844 pro
1396 2764 1488 2830 cuiue

353 2873 443 2955 forto
466 2868 564 2957 (facto
583 2894 647 2963 pn,
674 2874 791 2941 rectius
812 2873 969 2960 fection),
993 2875 1090 2956 5313
1099 2894 1162 2956 pro
1176 2894 1313 2957 mmm
1321 2879 1488 2956 mom

356 2982 495 3069 (ccccmo
508 2984 587 3073 pn),
608 2986 729 3063 531‚10
743 3005 807 3068 pro
826 3006 939 3051 comeo
959 2986 1049 3052 oliae
1064 2985 1206 3074 (omnine
1219 2985 1299 3074 pn),
1318 2988 1414 3066 5329
1426 3006 1489 3068 pro

355 3116 409 3163 eos
420 3096 480 3183 (cis
490 3095 570 3185 pn),
585 3096 703 3184 530,22
712 3116 774 3179 per
786 3103 815 3164 te
828 3098 880 3164 oet
888 3118 951 3181 per
964 3099 1009 3163 ets
1022 3099 1162 3164 dominis
1175 3098 1253 3163 mie
1267 3098 1486 3183 (eosuominos

355 3227 436 3273 oreos
450 3209 528 3295 pn),
548 3209 642 3289 531,1
666 3229 737 3275 com
757 3228 865 3276 omnes
882 3209 1039 3298 (mamus
1053 3209 1106 3296 n),
1126 3210 1247 3290 533,10
1260 3229 1331 3275 cem
1344 3209 1490 3275 timeam

355 3320 477 3404 (timore
495 3344 557 3409 φμ,
572 3340 677 3388 amne
691 3324 741 3404 n),
763 3322 881 3404 533,15
895 3324 982 3388 ister
994 3320 1189 3405 maetpretas
1204 3325 1371 3404 (amores
1384 3325 1489 3411 prop),

354 3432 452 3514 5343
466 3432 552 3499 eirca
566 3432 656 3499 nobis
669 3434 742 3519 (nos
751 3458 812 3523 φμ,
827 3452 884 3499 eos
894 3432 947 3521 n),
962 3434 1059 3514 534,5
1071 3453 1178 3499 coram
1192 3433 1345 3528 mnsam
1360 3432 1490 3522 (christo

355 3547 458 3633 pop),
481 3544 601 3625 534,10
621 3549 694 3610 ante
714 3544 774 3611 tac
793 3544 996 3611 trstolats'ose
1018 3544 1114 3626 (hooc
1132 3546 1371 3614 eructationem
1384 3554 1488 3633 φπμ),

356 3656 452 3735 487,1
483 3677 505 3721 a
525 3656 638 3738 plores
662 3678 684 3723 a
710 3658 800 3723 noso
824 3658 869 3723 od
893 3678 950 3724 soa
972 3658 1133 3725 uenientes
1157 3657 1318 3744 (pluribus
1342 3669 1422 3745 ‹pnpr
1448 3694 1490 3705 -

355 3768 554 3835 mannos
567 3788 632 3857 pn,
654 3768 858 3836 mannase
870 3776 908 3855 μ)
928 3769 1145 3836 incertioribus
1159 3770 1193 3836 id
1206 3788 1304 3855 genus
1323 3768 1488 3855 neglectis.

356 3882 489 3964 indeque
510 3881 726 3966 corrigendum
751 3883 801 3948 est
821 3882 919 3963 4863
940 3901 1013 3948 com
1034 3901 1140 3947 saoce
1160 3901 1231 3947 suos
1253 3867 1357 3968 ’(εοναο
1378 3899 1436 3945 stro
1451 3879 1488 3960 T,

356 3994 458 4059 seroie
480 3994 548 4060 meis
568 3992 672 4081 φπμ),
698 3996 794 4080 531,l
812 4013 876 4077 pro
896 4013 1015 4061 amores
1033 3999 1160 4060 nostroe
1181 3999 1296 4073 (sorore
1316 3997 1428 4057 costra
1448 3990 1488 4070 T,

356 4107 513 4174 scortes
527 4109 646 4173 nostres
659 4114 726 4197 pe)
742 4126 822 4189 quas
836 4097 914 4173 cle
927 4107 1002 4174 sene
1020 4106 1306 4173 accinctorum
1319 4110 1349 4171 et
1364 4102 1488 4169 aanor

356 4219 443 4299 dosa
457 4219 513 4285 ubi
528 4219 627 4286 falsus
641 4238 713 4288 sum
728 4239 802 4287 cum
817 4222 1008 4303 corruptiore
1021 4239 1059 4287 aa
1073 4220 1225 4303 putarem.
1249 4217 1397 4283 similiter
1411 4216 1488 4280 sunt

357 4332 518 4398 nominum
530 4350 644 4417 genera
654 4330 783 4400 confusa
789 4331 886 4417 488,4
891 4329 1192 4415 ργαηᾶίεραίωῑίε
1201 4329 1344 4394 imminet
1351 4325 1490 4413 pronde
