3025 4967
483 366 638 437 Epistula
655 327 983 447 xxxrrrr.7xxxv.
1229 371 1291 437 571

173 522 254 589 circa
267 522 428 590 ministros
444 524 588 590 ecclesiae
604 525 773 591 constituat
787 528 971 609 exemplum.
999 528 1117 592 interea
1132 544 1164 591 se
1178 546 1197 591 s
1211 524 1295 591 diui·

173 626 257 692 sione
277 646 443 691 mensurna
464 628 588 692 tantum
603 628 779 693 contineant
799 646 859 693 non
874 630 962 711 qnasi
977 648 995 695 a
1009 629 1182 695 ministerio
1197 629 1294 694 eccle·

172 728 298 795 siastieo
310 729 426 811 priuati
438 748 504 794 esse
516 728 692 814 uideantur,
705 729 759 795 sed
770 732 806 795 ut
817 731 947 816 integris
958 731 1294 797 omnibusadnostram

171 832 378 915 praesentiam
392 832 583 898 differantur.
610 835 682 916 opto
696 852 761 919 uos,
778 833 889 900 fratres
905 834 1067 916 carissimi,
1083 852 1204 916 semper
1216 833 1295 898 bene

149 932 285 999 snalere.
301 932 528 1000 fraternitatem
543 936 721 1001 uniuersam
736 937 879 1002 salutate.
893 936 1006 1003 ualete.

409 1224 795 1337 EPISTVLA
840 1222 1059 1335 XXXV.

171 1424 372 1481 cineremve
395 1426 633 1483 PRESBYTERIS
650 1428 695 1483 ΕΤ
712 1427 930 1484 DIACONIBVS
946 1427 1069 1484 Bonna
1086 1426 1293 1483 CONSISTEN-

552 1514 657 1571 TIBVS
674 1514 874 1572 uulnerare
892 1515 918 1570 S.

210 1685 256 1750 Et
270 1686 395 1753 dilectio
410 1688 582 1753 communis
598 1691 630 1754 et
644 1689 725 1754 ratio
740 1689 886 1771 exposcit,
906 1687 1019 1753 fratres
1035 1687 1197 1766 carissimi,
1212 1687 1293 1752 nihil

134 1816 161 1857 ιο
171 1788 375 1855 conscientiae
394 1792 517 1857 uestrae
538 1792 717 1859 subtrahere
732 1793 770 1855 de
789 1792 839 1855 his
857 1810 936 1873 qnae
956 1790 1039 1874 apud
1059 1808 1114 1853 nos
1134 1791 1292 1874 geruntur,

170 1891 207 1954 ut
228 1891 270 1956 sit
286 1892 375 1956 nobis
390 1894 471 1959 cirea
486 1894 658 1959 utilitatem
674 1894 899 1960 ecclesiastieae
913 1893 1193 1959 administrationis
1208 1909 1293 1959 com·

169 2014 263 2059 mune
284 1996 458 2061 consilium.
479 2016 553 2062 nam
573 2001 772 2081 posteaquam
792 1998 831 2063 ad
846 2014 902 2061 uos
916 1997 1038 2063 litteras
1053 1995 1114 2061 feei
1129 2014 1204 2079 quas
1218 1994 1292 2060 misi

168 2116 224 2179 per
239 2096 385 2163 Saturum
400 2099 546 2165 lectorem
562 2102 593 2164 et
604 2099 755 2183 Optatum
773 2100 1020 2185 hypodiaconum
1034 2098 1146 2165 fratros
1161 2099 1291 2178 nostros,

169 2200 360 2281 quorundam
371 2188 527 2283 lapsorum
539 2202 711 2285 conspirata
722 2202 892 2281 temeritas,
904 2203 957 2284 qui
966 2202 1189 2284 paenitentiam
1201 2219 1292 2285 agere

130 2330 157 2369 rs
168 2307 200 2368 et
215 2304 279 2368 Deo
294 2303 470 2370 satisfacere
484 2304 668 2385 detractant,
690 2306 812 2371 litteras
826 2306 867 2371 ad
880 2325 931 2370 me
945 2304 1093 2382 fecerunt,
1109 2323 1217 2388 pacem
1230 2321 1291 2369 non

170 2406 305 2474 dandam
326 2406 385 2476 sihi
406 2409 599 2489 postulantes
615 2409 668 2474 sed
683 2410 772 2493 quasi
787 2410 851 2474 iam
866 2410 973 2476 datam
987 2409 1188 2485 uindicantes,
1209 2408 1291 2491 quod

169 2509 275 2575 dicant
294 2510 429 2577 Paulum
449 2512 592 2577 omnihus
611 2530 720 2595 pacem
741 2511 870 2590 dedisse,
895 2512 976 2578 sicut
990 2512 1023 2577 in
1036 2511 1154 2578 litteris
1175 2530 1291 2595 eornm,

222 2730 399 2800 ministros]
412 2745 501 2785 omnes
514 2730 586 2785 uiros
602 2731 664 2787 VZa
737 2732 885 2787 constitute
899 2736 925 2786 Τ
989 2733 1092 2787 interea
1106 2733 1136 2795 T,
1148 2731 1250 2785 inserta
1260 2732 1294 2796 Z,

170 2816 281 2870 intorim
294 2832 374 2884 proce
460 2832 587 2888 secracp
672 2817 815 2888 diuisione]
828 2818 931 2873 dicione
943 2820 981 2873 Za
1072 2819 1225 2872 Emensura
1239 2819 1294 2887 Τφ,

172 2918 263 2957 mense
276 2902 485 2967 etoranciums,
499 2904 749 2957 mensnraneiumZ
805 2905 1000 2973 contingantw
1054 2904 1119 2973 non]
1132 2906 1225 2957 utnon
1238 2904 1263 2955 Ζ

171 3004 223 3042 non
236 2989 313 3057 quasi
326 3006 413 3061 erup
481 2989 641 3060 ministerio]
654 2990 782 3059 mystedo
798 2990 826 3045 V
888 2990 1066 3045 4diierantur
1082 2992 1108 3043 Τ
1172 2992 1290 3057 opto...

172 3075 262 3129 ualets
275 3090 352 3130 oms
437 3076 597 3145 optaman
680 3074 946 3129 dfratemitetemn
960 3092 981 3129 s.
994 3076 1084 3130 ualete
1095 3092 1145 3130 om.
1158 3077 1183 3127 Ζ
1268 3077 1297 3128 et

171 3162 262 3217 ualete
274 3180 297 3218 c.
311 3192 344 3201 -
356 3162 479 3231 Epistola
490 3160 610 3229 cipriani
627 3160 660 3214 ad
673 3162 773 3215 clerum
786 3160 819 3215 de
832 3162 871 3215 eis
884 3161 931 3230 qni
942 3164 1042 3216 temere
1054 3162 1138 3231 lapsis
1150 3160 1296 3215 eommuni-

173 3250 302 3302 cauerunt
319 3250 347 3301 et
363 3247 395 3301 de
406 3246 564 3300 Philumino
581 3250 609 3300 et
621 3246 769 3301 Fortunato
789 3230 1138 3317 hypodiaeobetltauorino
1159 3248 1296 3302 acholitho

173 3334 284 3402 explicit
298 3335 329 3396 T,
341 3332 461 3401 Explicit
473 3334 506 3387 ed
519 3333 620 3386 clerum
633 3332 664 3385 de
674 3333 749 3403 (layo
758 3333 871 3387 Didensi
883 3335 912 3387 et
922 3334 980 3386 eins
992 3333 1108 3403 dyaoono
1120 3332 1167 3400 qni
1180 3348 1228 3402 pro
1239 3333 1298 3401 lap-

172 3420 211 3473 sis
223 3419 432 3473 communicarit
441 3435 462 3485 a,
476 3420 519 3474 hd
530 3403 614 3489 pbros‘
621 3420 649 3471 et
660 3420 785 3473 diaconos
798 3418 908 3487 explicit
919 3419 951 3482 Ζ,
964 3434 1013 3472 orsa
1028 3434 1085 3486 pro.
1099 3448 1129 3457 -

223 3504 310 3574 Epist.
323 3504 428 3560 XXXV.
445 3536 473 3546 -
489 3506 590 3576 Incipit
611 3507 726 3577 epistola
746 3506 807 3571 (ine.
826 3522 866 3574 ep.
888 3521 938 3559 orn.
951 3509 986 3573 rc)
999 3504 1119 3573 Cipriani
1140 3502 1174 3558 ad
1194 3504 1298 3573 presbi-

171 3596 243 3645 teros
257 3593 285 3644 et
297 3590 420 3646 diacones
432 3592 566 3657 (diaconos
578 3595 613 3663 ro)
624 3592 724 3647 Romae
736 3592 912 3647 consistentes
927 3594 982 3661 Tro,
995 3591 1119 3661 Epistola
1130 3590 1250 3659 Cipriani
1263 3590 1298 3644 ad

171 3678 273 3732 clerum
284 3677 432 3732 Romanum
444 3680 572 3749 delapsis
589 3680 818 3750 impoenitentibus
835 3680 882 3748 qni
899 3678 1111 3733 communionem
1122 3678 1180 3730 eins
1192 3678 1298 3745 expete-

172 3764 238 3817 bant
251 3783 282 3835 φ,
299 3764 341 3819 ld
353 3764 457 3819 eosdem
470 3786 499 3835 μ.
513 3796 546 3806 -
559 3766 574 3819 7
587 3766 736 3836 Cyprianus
748 3782 818 3836 papa
831 3785 853 3834 φ
944 3764 961 3818 9
973 3763 1087 3818 delectio
1102 3764 1128 3815 T
1215 3761 1297 3831 ratio]

170 3850 436 3918 ratioeommunisp
505 3853 651 3921 poscitque
728 3836 864 3915 1011310,
877 3853 936 3904 erat
947 3852 1089 3915 uestraep
1159 3848 1192 3902 11
1203 3850 1236 3901 ut
1248 3846 1296 3915 sit]

171 3938 313 3990 uisumeet
325 3956 345 4005 p
421 3938 454 3992 13
463 3936 575 3993 fratrem
586 3940 706 3993 nostrum
720 3953 776 4005 ow,
785 3952 836 3991 ora.
846 3952 883 4004 po
951 3935 985 3990 14
993 3934 1145 4004 conspirate
1156 3933 1298 3987 temeritas

172 4038 224 4077 om.
235 4044 263 4093 μ,
275 4024 428 4093 prospirata
438 4024 592 4078 temeritate
603 4040 649 4091 pro
709 4022 741 4077 de
754 4020 919 4091 quorundam
930 4022 1070 4089 prospecta
1080 4020 1234 4073 temeritate
1246 4034 1263 4072 v

173 4110 359 4179 qnilaequap
445 4110 479 4164 15
490 4108 642 4163 detrectant
654 4124 691 4177 po
778 4106 898 4161 fecerunt
914 4109 940 4160 T
952 4122 972 4160 e.
986 4107 1013 4172 t,
1030 4106 1098 4160 fecit
1109 4126 1137 4174 μ,
1150 4120 1199 4159 om.
1214 4119 1262 4163 ow

172 4196 206 4249 16
218 4196 358 4263 postulans
375 4198 441 4265 Τφμ
536 4194 627 4249 datam
638 4192 720 4248 sibio
815 4191 990 4260 uindicansp
1085 4191 1117 4244 17
1130 4190 1204 4245 dicat
1217 4192 1262 4257 Τφ

173 4282 301 4351 paulusp
370 4297 462 4336 eorum
474 4296 560 4349 omma
