3025 4967
432 419 610 489 Epistulae
627 417 754 473 LXVII.
774 434 795 473 c.
817 418 890 472 1-3.
1160 418 1221 484 737

93 576 220 639 torem
242 594 315 640 nou
338 575 466 654 audit,
495 576 560 640 sed
582 576 647 658 qui
668 574 788 639 Deum
815 572 987 638 coluerit
1015 575 1055 637 et
1086 574 1221 639 uolun-

93 678 221 742 tatem
253 677 337 779 eius
364 678 528 756 fecerit,
561 678 681 744 illum
715 677 836 742 audit
870 679 995 761 propter
1026 678 1108 759 quod
1129 678 1221 760 plena

95 779 263 863 diligentia
286 782 320 845 et
345 780 552 863 exploratione
578 780 698 847 sincera
723 797 774 845 eos
800 782 922 865 oportet
948 782 988 847 ad
1013 782 1221 847 sacerdotium

95 882 158 947 Dei
172 882 270 967 deligi
284 900 362 965 quos
376 903 396 949 a
410 884 474 949 Deo
489 884 609 949 constet
621 884 734 949 audiri.

72 1012 85 1050 s
138 986 206 1051 Neo
220 986 282 1051 sibi
296 986 385 1069 plebs
399 986 578 1053 blandietur
591 987 682 1070 quasi
695 988 833 1053 inmunis
847 1006 914 1053 esse
929 1007 948 1053 a
962 987 1104 1072 mntagio
1116 986 1251 1055 delictis

94 1090 198 1172 possit
212 1108 285 1155 cum
299 1089 456 1155 sacerdote
470 1092 630 1174 peccatore
644 1090 875 1157 communicans
890 1093 922 1156 et
937 1090 976 1156 ad
991 1090 1144 1155 iniustum
1166 1089 1222 1154 ad·

95 1210 159 1274 que
173 1192 333 1257 inlicitum
346 1193 513 1277 praepositi
528 1194 578 1259 sui
593 1194 805 1276 episcopatum
820 1210 1002 1259 comensem
1022 1212 1114 1258 snum
1134 1210 1219 1257 oom-

91 1294 234 1374 modam,
256 1295 378 1378 quando
391 1315 447 1378 per
460 1294 537 1361 Osee
557 1297 740 1378 prophetam
761 1296 967 1361 comminetur
988 1299 1020 1360 et
1040 1294 1123 1360 dicat
1147 1314 1218 1360 ceu·

98 1398 311 1463 suradiuina:
334 1398 542 1464 sacrificia
564 1418 695 1465 eornm
716 1402 915 1481 tamquam
937 1398 1050 1482 panis
1072 1398 1217 1477 luctus,

60 1518 228 1566 roomnes
248 1500 315 1583 qui
343 1500 587 1567 manducant
614 1521 656 1567 ea
682 1502 1079 1580 contaminabuntur,
1108 1501 1220 1566 doeens

94 1602 221 1669 scilicet
234 1605 268 1669 ot
282 1604 445 1670 ostendens
460 1624 565 1670 omnes
580 1604 704 1670 omuino
719 1604 760 1669 ad
774 1606 936 1688 peccatum
957 1603 1129 1687 constringi
1151 1603 1222 1685 qui·

93 1726 158 1788 que
179 1706 297 1771 inerint
318 1706 440 1790 profani
462 1710 494 1773 et
515 1708 626 1773 iniusti
648 1707 817 1773 sacerdotis
838 1706 987 1773 sacrificio
1011 1707 1221 1773 contaminati.

93 1810 180 1892 quod
204 1810 284 1875 item
304 1810 338 1875 in
358 1810 505 1875 Numerio
525 1809 720 1875 manifestari
743 1810 930 1889 mmmmm,
956 1809 1077 1891 quando
1098 1807 1173 1875 Oore
1193 1811 1225 1875 ot

94 1913 225 1978 Dathan
254 1918 286 1977 et
310 1912 429 1979 Abirou
458 1914 565 1979 contra
591 1913 697 1979 Aaron
725 1914 913 1979 sacerdotem
943 1913 1135 1979 sacrificandi
1164 1914 1224 1980 sibi

61 2042 87 2080 a
97 2016 262 2081 licentiam
281 2015 528 2081 uindicauerunt.
549 2016 617 2081 illic
637 2034 756 2099 quoqne
776 2036 831 2099 per
849 2016 976 2101 Moysen
996 2017 1146 2100 praecipit
1159 2016 1224 2083 Do-

94 2119 204 2183 minus
230 2120 269 2183 ut
292 2118 332 2183 ab
358 2119 403 2184 eis
427 2118 560 2202 populus
589 2121 755 2202 separetur,
785 2138 824 2185 ne
845 2119 1022 2187 facinerosis
1044 2121 1225 2186 coniunctus

93 2222 204 2288 eodem
233 2220 370 2287 facinore
399 2223 525 2305 etipse
553 2224 789 2307 perstringatur.
828 2224 1080 2305 separamini,
1111 2223 1223 2308 iuquit,

93 2325 404 2391 ataberuaoulis
429 2326 629 2392 hominum
656 2326 897 2391 iniustorum
923 2326 1222 2393 durissimorum

93 2432 136 2495 et
171 2430 299 2495 nolite
335 2431 498 2514 tangere
535 2430 579 2495 ab
616 2430 795 2495 omnibus
832 2449 927 2512 quae
962 2431 1053 2496 suut
1089 2431 1146 2495 eis
1178 2449 1222 2495 ne

57 2532 217 2599 sosimul
249 2533 422 2617 pereatis
451 2532 489 2597 iu
516 2534 677 2615 peccato
705 2551 842 2599 eorum.
876 2532 1108 2617 propterquod
1135 2532 1223 2617 plebs

92 2637 268 2718 obsequens
289 2636 462 2718 praeceptis
483 2635 648 2701 dominicis
669 2637 702 2700 et
722 2636 823 2701 Deum
846 2639 987 2702 metuens
1014 2656 1033 2701 a
1063 2640 1222 2720 peccatore

91 2738 271 2823 praeposito
286 2755 428 2820 separare
442 2756 475 2804 se
490 2737 593 2822 debet,
609 2756 665 2803 uec
679 2756 713 2804 se
728 2740 769 2805 ad
784 2739 928 2825 sacrilegi
944 2739 1112 2806 sacerdotis
1128 2740 1222 2805 sacri-

199 2994 217 3047 9
234 2993 279 3049 os.
298 2995 324 3059 9,
340 2993 366 3048 4.
436 2994 468 3047 17
486 2993 567 3048 Num.
586 2994 627 3061 16,
646 2995 688 3049 26.

147 3216 162 3268 1
174 3215 233 3284 qni]
245 3215 270 3269 si
282 3215 330 3284 qui
345 3214 376 3284 Q,
389 3215 414 3269 si
425 3216 514 3285 quiec
649 3218 708 3271 3et
718 3233 769 3270 ona
783 3216 838 3271 LP
964 3218 1070 3286 oportet
1082 3232 1126 3271 eos
1137 3234 1161 3281 o,
1174 3233 1222 3269 nos

92 3302 202 3369 oportet
216 3300 268 3357 GR
391 3300 528 3356 sacerdote
543 3302 578 3357 0¹
705 3301 822 3371 4delegi
838 3300 964 3371 Q(diligi
978 3301 1023 3371 Μ)
1146 3302 1222 3371 quos]

91 3384 166 3454 qnod
179 3386 207 3439 L
247 3392 251 3395 ’
298 3387 386 3441 besse
397 3402 413 3440 a
425 3403 460 3441 ex
470 3402 531 3441 esca
547 3387 571 3443 0
655 3388 814 3456 contagione
831 3387 881 3444 GR
971 3389 1139 3456 6peocatoru
1155 3388 1188 3443 0¹

91 3472 265 3525 eommunicet
279 3472 315 3528 θ’
424 3476 453 3527 et
464 3488 514 3527 orsa
532 3472 583 3529 GR
695 3473 823 3527 'lillioito
839 3474 874 3529 θ’
979 3474 1134 3543 praepositi]
1147 3488 1223 3542 prae·

91 3557 189 3627 pontis
204 3558 228 3612 0
352 3558 507 3627 episcopatu
522 3558 557 3614 θ’
684 3559 874 3614 commodando
888 3560 923 3615 0²
1048 3560 1066 3614 8
1078 3575 1123 3613 ose
1138 3558 1190 3628 ΟΒ

92 3632 270 3700 commonetur
285 3643 346 3714 0¹0
484 3643 516 3697 11
529 3658 620 3697 omnes
631 3643 753 3698 homines
766 3660 800 3699 eu
811 3631 854 3698 om
866 3646 943 3700 homo
957 3646 981 3701 0
1115 3645 1223 3713 quique]

94 3731 176 3800 quio
295 3730 330 3784 12
341 3729 490 3784 sacerdotes
500 3730 581 3800 LPQ
700 3730 733 3784 13
744 3730 825 3784 chore
839 3730 879 3787 Oc
996 3731 1030 3786 14
1042 3731 1123 3785 datan
1139 3730 1190 3801 ΩΒ

92 3815 193 3869 abiran
208 3814 233 3870 0
385 3815 419 3868 15
430 3830 521 3869 mosen
533 3814 569 3875 R.
581 3830 697 3884 moysem
708 3833 725 3871 u
874 3817 1010 3886 praecepit
1024 3816 1127 3887 OPQR
1139 3822 1223 3885 (prae-

93 3901 167 3970 cipit
177 3900 224 3967 Μ)
351 3900 385 3953 16
397 3902 566 3969 ceparum
581 3900 660 3970 0013
785 3901 948 3957 facinerosos
963 3902 993 3973 Q,
1006 3901 1161 3956 facinorosis
1173 3918 1189 3955 o

95 3987 130 4040 17
144 3985 352 4055 pmstriugatur]
364 3986 509 4040 moriretur
525 3987 714 4050 annueretur
725 3987 753 4041 R
834 3989 868 4043 18
879 4004 896 4041 a
907 3987 1077 4041 tabernaculo
1089 4004 1124 4042 ec
1135 3987 1223 4042 taber·

94 4070 224 4125 naculum
240 4070 263 4125 0
364 4071 481 4125 hominis
497 4072 540 4136 θ’,
551 4072 647 4125 horum
659 4072 826 4127 hominnmu
927 4075 1097 4144 iniustorum]
1111 4075 1223 4127 istorum

96 4156 152 4213 ΟΒ
237 4158 271 4211 19
283 4157 319 4212 ab
329 4172 353 4211 o.
367 4172 426 4225 (pa
439 4158 488 4227 eis]
501 4158 716 4227 eaquaesdeos
728 4159 895 4227 pertinento
983 4160 1017 4213 21
1029 4160 1164 4229 praecepit
1176 4160 1223 4212 Μι

93 4243 256 4313 (praeceptis
266 4242 352 4314 M'Q)
460 4226 525 4298 dn'm
542 4244 591 4299 012
693 4260 802 4301 cocao
908 4245 1048 4315 22uecse]
1061 4261 1108 4299 nec
1121 4260 1223 4299 seseex

92 4346 145 4384 nec
156 4345 213 4383 esse
230 4330 253 4384 0

197 4435 248 4482 111.
377 4506 397 4517 .
921 4408 1016 4482 '47
