<?xml version="1.0" encoding="UTF-8"?>
<!DOCTYPE html PUBLIC "-//W3C//DTD XHTML 1.0 Transitional//EN"
    "http://www.w3.org/TR/xhtml1/DTD/xhtml1-transitional.dtd">
<html xmlns="http://www.w3.org/1999/xhtml" xml:lang="en" lang="en">
 <head>
  <title>
</title>
<meta http-equiv="Content-Type" content="text/html;charset=utf-8" />
  <meta name='ocr-system' content='tesseract 3.04.00' />
  <meta name='ocr-capabilities' content='ocr_page ocr_carea ocr_par ocr_line ocrx_word'/>
</head>
<body>
  <div class='ocr_page' id='page_1' title='image "./corpusscriptoru16wissgoog_1015.png"; bbox 0 0 3025 4967; ppageno 0'>
   <div class='ocr_carea' id='block_1_1' title="bbox 427 364 1227 438">
    <p class='ocr_par' dir='ltr' id='par_1_1' title="bbox 427 364 1227 438">
     <span class='ocr_line' id='line_1_1' title="bbox 427 364 1227 438; baseline 0.025 -20"><span class='ocrx_word' id='word_1_1' title='bbox 427 364 602 434; x_wconf 77' lang='lat' dir='ltr'>Epistulae</span> <span class='ocrx_word' id='word_1_2' title='bbox 619 365 770 422; x_wconf 85' lang='lat' dir='ltr'>LXXIII.</span> <span class='ocrx_word' id='word_1_3' title='bbox 788 383 808 421; x_wconf 91' lang='lat' dir='ltr'>c.</span> <span class='ocrx_word' id='word_1_4' title='bbox 828 369 918 422; x_wconf 78' lang='lat'>7-10.</span> <span class='ocrx_word' id='word_1_5' title='bbox 1165 373 1227 438; x_wconf 81' lang='grc'>785</span> 
     </span>
    </p>
   </div>
   <div class='ocr_carea' id='block_1_2' title="bbox 71 521 1277 2150">
    <p class='ocr_par' dir='ltr' id='par_1_2' title="bbox 108 521 1227 916">
     <span class='ocr_line' id='line_1_2' title="bbox 108 521 1226 606; baseline 0.004 -20"><span class='ocrx_word' id='word_1_6' title='bbox 108 525 148 586; x_wconf 87' lang='lat' dir='ltr'>ut</span> <span class='ocrx_word' id='word_1_7' title='bbox 173 522 309 588; x_wconf 87' lang='lat' dir='ltr'>oratione</span> <span class='ocrx_word' id='word_1_8' title='bbox 331 541 387 604; x_wconf 90' lang='lat' dir='ltr'>pro</span> <span class='ocrx_word' id='word_1_9' title='bbox 410 521 454 586; x_wconf 90' lang='lat' dir='ltr'>eis</span> <span class='ocrx_word' id='word_1_10' title='bbox 476 522 583 587; x_wconf 86' lang='lat' dir='ltr'>habita</span> <span class='ocrx_word' id='word_1_11' title='bbox 603 525 634 587; x_wconf 90' lang='lat' dir='ltr'>ct</span> <span class='ocrx_word' id='word_1_12' title='bbox 653 543 746 588; x_wconf 84' lang='lat' dir='ltr'>manu</span> <span class='ocrx_word' id='word_1_13' title='bbox 770 523 904 606; x_wconf 87' lang='lat' dir='ltr'>inposita</span> <span class='ocrx_word' id='word_1_14' title='bbox 924 526 1118 591; x_wconf 84' lang='lat' dir='ltr'>inuocarotur</span> <span class='ocrx_word' id='word_1_15' title='bbox 1132 527 1164 590; x_wconf 88' lang='lat' dir='ltr'>et</span> <span class='ocrx_word' id='word_1_16' title='bbox 1178 525 1226 590; x_wconf 90' lang='lat' dir='ltr'>in-</span> 
     </span>
     <span class='ocr_line' id='line_1_3' title="bbox 116 625 1227 713; baseline 0.004 -25"><span class='ocrx_word' id='word_1_17' title='bbox 116 625 297 690; x_wconf 79' lang='lat' dir='ltr'>funderetur</span> <span class='ocrx_word' id='word_1_18' title='bbox 319 644 409 707; x_wconf 89' lang='lat' dir='ltr'>super</span> <span class='ocrx_word' id='word_1_19' title='bbox 429 642 479 689; x_wconf 86' lang='lat' dir='ltr'>eos</span> <span class='ocrx_word' id='word_1_20' title='bbox 500 626 626 709; x_wconf 86' lang='lat' dir='ltr'>spiritus</span> <span class='ocrx_word' id='word_1_21' title='bbox 646 629 778 693; x_wconf 88' lang='lat' dir='ltr'>sanctus.</span> <span class='ocrx_word' id='word_1_22' title='bbox 793 629 883 710; x_wconf 71' lang='lat' dir='ltr'>quod</span> <span class='ocrx_word' id='word_1_23' title='bbox 904 649 984 694; x_wconf 87' lang='lat' dir='ltr'>nnnc</span> <span class='ocrx_word' id='word_1_24' title='bbox 1004 648 1124 712; x_wconf 87' lang='lat' dir='ltr'>quoque</span> <span class='ocrx_word' id='word_1_25' title='bbox 1145 629 1227 713; x_wconf 85' lang='lat' dir='ltr'>apud</span> 
     </span>
     <span class='ocr_line' id='line_1_4' title="bbox 108 727 1227 814; baseline 0.003 -22"><span class='ocrx_word' id='word_1_26' title='bbox 108 745 165 793; x_wconf 90' lang='lat' dir='ltr'>uos</span> <span class='ocrx_word' id='word_1_27' title='bbox 188 729 314 812; x_wconf 78' lang='lat' dir='ltr'>geritur,</span> <span class='ocrx_word' id='word_1_28' title='bbox 337 729 372 791; x_wconf 90' lang='lat' dir='ltr'>ut</span> <span class='ocrx_word' id='word_1_29' title='bbox 392 728 445 810; x_wconf 87' lang='lat' dir='ltr'>qni</span> <span class='ocrx_word' id='word_1_30' title='bbox 467 727 499 792; x_wconf 95' lang='lat' dir='ltr'>in</span> <span class='ocrx_word' id='word_1_31' title='bbox 520 729 647 794; x_wconf 86' lang='lat' dir='ltr'>ecclesie</span> <span class='ocrx_word' id='word_1_32' title='bbox 666 730 861 812; x_wconf 88' lang='lat' dir='ltr'>baptizantur</span> <span class='ocrx_word' id='word_1_33' title='bbox 880 732 1064 814; x_wconf 90' lang='lat' dir='ltr'>praepositis</span> <span class='ocrx_word' id='word_1_34' title='bbox 1084 732 1227 797; x_wconf 88' lang='lat' dir='ltr'>ecclesiae</span> 
     </span>
     <span class='ocr_line' id='line_1_5' title="bbox 109 832 1226 916; baseline 0.002 -19"><span class='ocrx_word' id='word_1_35' title='bbox 109 832 280 897; x_wconf 84' lang='lat' dir='ltr'>offerantur</span> <span class='ocrx_word' id='word_1_36' title='bbox 310 832 341 896; x_wconf 88' lang='lat' dir='ltr'>st</span> <span class='ocrx_word' id='word_1_37' title='bbox 368 850 423 914; x_wconf 93' lang='lat' dir='ltr'>per</span> <span class='ocrx_word' id='word_1_38' title='bbox 451 832 587 896; x_wconf 86' lang='lat' dir='ltr'>nostram</span> <span class='ocrx_word' id='word_1_39' title='bbox 616 833 784 897; x_wconf 81' lang='lat' dir='ltr'>oratIonem</span> <span class='ocrx_word' id='word_1_40' title='bbox 812 852 848 898; x_wconf 84' lang='lat' dir='ltr'>ac</span> <span class='ocrx_word' id='word_1_41' title='bbox 872 852 981 898; x_wconf 86' lang='lat' dir='ltr'>manus</span> <span class='ocrx_word' id='word_1_42' title='bbox 1010 835 1226 916; x_wconf 74' lang='lat' dir='ltr'>inpositionem</span> 
     </span>
    </p>

    <p class='ocr_par' dir='ltr' id='par_1_3' title="bbox 83 936 1227 1105">
     <span class='ocr_line' id='line_1_6' title="bbox 83 936 1227 1021; baseline 0.002 -21"><span class='ocrx_word' id='word_1_43' title='bbox 83 936 258 1020; x_wconf 66' lang='lat' dir='ltr'>sspiritum</span> <span class='ocrx_word' id='word_1_44' title='bbox 293 937 435 1001; x_wconf 88' lang='lat' dir='ltr'>sanctum</span> <span class='ocrx_word' id='word_1_45' title='bbox 469 937 693 1018; x_wconf 86' lang='lat' dir='ltr'>consequantur</span> <span class='ocrx_word' id='word_1_46' title='bbox 722 938 753 1001; x_wconf 93' lang='lat' dir='ltr'>et</span> <span class='ocrx_word' id='word_1_47' title='bbox 783 937 940 1021; x_wconf 85' lang='lat' dir='ltr'>signaculo</span> <span class='ocrx_word' id='word_1_48' title='bbox 974 938 1126 1003; x_wconf 87' lang='lat' dir='ltr'>dominico</span> <span class='ocrx_word' id='word_1_49' title='bbox 1155 956 1227 1002; x_wconf 90' lang='lat' dir='ltr'>eon-</span> 
     </span>
     <span class='ocr_line' id='line_1_7' title="bbox 106 1039 314 1105; baseline -0.01 -1"><span class='ocrx_word' id='word_1_50' title='bbox 106 1039 314 1105; x_wconf 85' lang='lat' dir='ltr'>summentur.</span> 
     </span>
    </p>

    <p class='ocr_par' dir='ltr' id='par_1_4' title="bbox 106 1136 1277 1432">
     <span class='ocr_line' id='line_1_8' title="bbox 151 1136 1277 1223; baseline 0.001 -17"><span class='ocrx_word' id='word_1_51' title='bbox 151 1141 222 1206; x_wconf 87' lang='lat' dir='ltr'>Non</span> <span class='ocrx_word' id='word_1_52' title='bbox 237 1142 284 1206; x_wconf 89' lang='lat' dir='ltr'>est</span> <span class='ocrx_word' id='word_1_53' title='bbox 294 1158 375 1223; x_wconf 86' lang='lat' dir='ltr'>orgo,</span> <span class='ocrx_word' id='word_1_54' title='bbox 388 1139 482 1204; x_wconf 83' lang='lat' dir='ltr'>freter</span> <span class='ocrx_word' id='word_1_55' title='bbox 493 1140 658 1219; x_wconf 85' lang='lat' dir='ltr'>carissime,</span> <span class='ocrx_word' id='word_1_56' title='bbox 675 1143 756 1223; x_wconf 88' lang='lat' dir='ltr'>quod</span> <span class='ocrx_word' id='word_1_57' title='bbox 767 1142 929 1207; x_wconf 77' lang='lat' dir='ltr'>haereticis</span> <span class='ocrx_word' id='word_1_58' title='bbox 940 1143 1107 1208; x_wconf 87' lang='lat' dir='ltr'>cedendum</span> <span class='ocrx_word' id='word_1_59' title='bbox 1119 1143 1225 1209; x_wconf 82' lang='lat' dir='ltr'>existi-</span> <span class='ocrx_word' id='word_1_60' title='bbox 1239 1136 1277 1197; x_wconf 75' lang='lat'>1⁰</span> 
     </span>
     <span class='ocr_line' id='line_1_9' title="bbox 106 1242 1226 1326; baseline 0.001 -16"><span class='ocrx_word' id='word_1_61' title='bbox 106 1263 230 1310; x_wconf 84' lang='lat' dir='ltr'>memus</span> <span class='ocrx_word' id='word_1_62' title='bbox 246 1245 277 1308; x_wconf 92' lang='lat' dir='ltr'>et</span> <span class='ocrx_word' id='word_1_63' title='bbox 293 1243 447 1325; x_wconf 84' lang='lat' dir='ltr'>baptisma</span> <span class='ocrx_word' id='word_1_64' title='bbox 468 1242 547 1326; x_wconf 90' lang='lat' dir='ltr'>quod</span> <span class='ocrx_word' id='word_1_65' title='bbox 562 1261 622 1308; x_wconf 93' lang='lat' dir='ltr'>non</span> <span class='ocrx_word' id='word_1_66' title='bbox 636 1243 697 1308; x_wconf 92' lang='lat' dir='ltr'>nisi</span> <span class='ocrx_word' id='word_1_67' title='bbox 710 1245 765 1310; x_wconf 91' lang='lat' dir='ltr'>uni</span> <span class='ocrx_word' id='word_1_68' title='bbox 780 1251 810 1310; x_wconf 89' lang='lat' dir='ltr'>et</span> <span class='ocrx_word' id='word_1_69' title='bbox 825 1245 883 1308; x_wconf 91' lang='lat' dir='ltr'>soli</span> <span class='ocrx_word' id='word_1_70' title='bbox 899 1245 1043 1311; x_wconf 88' lang='lat' dir='ltr'>ecclesiae</span> <span class='ocrx_word' id='word_1_71' title='bbox 1058 1247 1168 1311; x_wconf 86' lang='lat' dir='ltr'>datum</span> <span class='ocrx_word' id='word_1_72' title='bbox 1182 1245 1226 1311; x_wconf 90' lang='lat' dir='ltr'>sit</span> 
     </span>
     <span class='ocr_line' id='line_1_10' title="bbox 107 1345 1225 1432; baseline -0.003 -18"><span class='ocrx_word' id='word_1_73' title='bbox 107 1349 300 1432; x_wconf 85' lang='lat' dir='ltr'>prodendum</span> <span class='ocrx_word' id='word_1_74' title='bbox 316 1349 470 1428; x_wconf 89' lang='lat' dir='ltr'>putemus.</span> <span class='ocrx_word' id='word_1_75' title='bbox 493 1345 565 1410; x_wconf 95' lang='lat' dir='ltr'>boni</span> <span class='ocrx_word' id='word_1_76' title='bbox 580 1345 691 1411; x_wconf 86' lang='lat' dir='ltr'>militis</span> <span class='ocrx_word' id='word_1_77' title='bbox 707 1348 754 1411; x_wconf 88' lang='lat' dir='ltr'>est</span> <span class='ocrx_word' id='word_1_78' title='bbox 768 1346 917 1412; x_wconf 80' lang='lat' dir='ltr'>aduersus</span> <span class='ocrx_word' id='word_1_79' title='bbox 932 1348 1062 1412; x_wconf 84' lang='lat' dir='ltr'>rebelles</span> <span class='ocrx_word' id='word_1_80' title='bbox 1077 1349 1108 1412; x_wconf 88' lang='lat' dir='ltr'>et</span> <span class='ocrx_word' id='word_1_81' title='bbox 1122 1348 1225 1412; x_wconf 88' lang='lat' dir='ltr'>hostes</span> 
     </span>
    </p>

    <p class='ocr_par' dir='ltr' id='par_1_5' title="bbox 71 1446 1227 2150">
     <span class='ocr_line' id='line_1_11' title="bbox 73 1446 1227 1537; baseline -0.003 -17"><span class='ocrx_word' id='word_1_82' title='bbox 73 1451 309 1537; x_wconf 87' lang='lat' dir='ltr'>1⁰imperatoris</span> <span class='ocrx_word' id='word_1_83' title='bbox 335 1450 383 1514; x_wconf 89' lang='lat' dir='ltr'>sui</span> <span class='ocrx_word' id='word_1_84' title='bbox 410 1449 510 1513; x_wconf 85' lang='lat' dir='ltr'>castra</span> <span class='ocrx_word' id='word_1_85' title='bbox 537 1446 706 1513; x_wconf 87' lang='lat' dir='ltr'>defendere.</span> <span class='ocrx_word' id='word_1_86' title='bbox 733 1450 860 1533; x_wconf 87' lang='lat' dir='ltr'>gloriosi</span> <span class='ocrx_word' id='word_1_87' title='bbox 885 1450 973 1516; x_wconf 91' lang='lat' dir='ltr'>ducis</span> <span class='ocrx_word' id='word_1_88' title='bbox 994 1453 1042 1516; x_wconf 91' lang='lat' dir='ltr'>est</span> <span class='ocrx_word' id='word_1_89' title='bbox 1063 1451 1227 1516; x_wconf 88' lang='lat' dir='ltr'>commissa</span> 
     </span>
     <span class='ocr_line' id='line_1_12' title="bbox 107 1551 1225 1640; baseline -0.005 -16"><span class='ocrx_word' id='word_1_90' title='bbox 107 1559 173 1624; x_wconf 88' lang='lat' dir='ltr'>sibi</span> <span class='ocrx_word' id='word_1_91' title='bbox 188 1557 277 1640; x_wconf 84' lang='lat' dir='ltr'>signa</span> <span class='ocrx_word' id='word_1_92' title='bbox 291 1572 422 1619; x_wconf 85' lang='lat' dir='ltr'>seruare.</span> <span class='ocrx_word' id='word_1_93' title='bbox 439 1551 589 1633; x_wconf 89' lang='lat' dir='ltr'>scriptum</span> <span class='ocrx_word' id='word_1_94' title='bbox 604 1553 665 1616; x_wconf 91' lang='lat' dir='ltr'>est:</span> <span class='ocrx_word' id='word_1_95' title='bbox 688 1553 871 1618; x_wconf 89' lang='lat' dir='ltr'>Dominus</span> <span class='ocrx_word' id='word_1_96' title='bbox 893 1555 993 1620; x_wconf 87' lang='lat' dir='ltr'>Dens</span> <span class='ocrx_word' id='word_1_97' title='bbox 1015 1556 1105 1620; x_wconf 89' lang='lat' dir='ltr'>tuns</span> <span class='ocrx_word' id='word_1_98' title='bbox 1126 1555 1225 1620; x_wconf 90' lang='lat' dir='ltr'>Dens</span> 
     </span>
     <span class='ocr_line' id='line_1_13' title="bbox 105 1653 1225 1738; baseline -0.005 -11"><span class='ocrx_word' id='word_1_99' title='bbox 105 1659 238 1728; x_wconf 82' lang='lat' dir='ltr'>zelans</span> <span class='ocrx_word' id='word_1_100' title='bbox 267 1659 333 1723; x_wconf 89' lang='lat' dir='ltr'>est.</span> <span class='ocrx_word' id='word_1_101' title='bbox 364 1656 417 1738; x_wconf 87' lang='lat' dir='ltr'>qni</span> <span class='ocrx_word' id='word_1_102' title='bbox 446 1655 591 1738; x_wconf 90' lang='lat' dir='ltr'>spiritum</span> <span class='ocrx_word' id='word_1_103' title='bbox 613 1653 671 1719; x_wconf 88' lang='lat' dir='ltr'>Dei</span> <span class='ocrx_word' id='word_1_104' title='bbox 693 1657 866 1738; x_wconf 87' lang='lat' dir='ltr'>accepimus</span> <span class='ocrx_word' id='word_1_105' title='bbox 887 1657 988 1722; x_wconf 87' lang='lat' dir='ltr'>zelum</span> <span class='ocrx_word' id='word_1_106' title='bbox 1009 1656 1132 1722; x_wconf 87' lang='lat' dir='ltr'>diuinae</span> <span class='ocrx_word' id='word_1_107' title='bbox 1153 1656 1225 1722; x_wconf 88' lang='lat' dir='ltr'>fidei</span> 
     </span>
     <span class='ocr_line' id='line_1_14' title="bbox 104 1757 1225 1842; baseline -0.004 -12"><span class='ocrx_word' id='word_1_108' title='bbox 104 1764 219 1830; x_wconf 88' lang='lat' dir='ltr'>habere</span> <span class='ocrx_word' id='word_1_109' title='bbox 244 1761 398 1834; x_wconf 81' lang='lat' dir='ltr'>debemus,</span> <span class='ocrx_word' id='word_1_110' title='bbox 425 1776 483 1840; x_wconf 90' lang='lat' dir='ltr'>quo</span> <span class='ocrx_word' id='word_1_111' title='bbox 509 1759 572 1822; x_wconf 84' lang='lat' dir='ltr'>zelo</span> <span class='ocrx_word' id='word_1_112' title='bbox 593 1757 701 1824; x_wconf 86' lang='lat' dir='ltr'>Finses</span> <span class='ocrx_word' id='word_1_113' title='bbox 721 1759 840 1840; x_wconf 79' lang='lat' dir='ltr'>placuit</span> <span class='ocrx_word' id='word_1_114' title='bbox 864 1761 895 1824; x_wconf 90' lang='lat' dir='ltr'>et</span> <span class='ocrx_word' id='word_1_115' title='bbox 914 1760 1015 1825; x_wconf 87' lang='lat' dir='ltr'>Deum</span> <span class='ocrx_word' id='word_1_116' title='bbox 1039 1761 1225 1842; x_wconf 89' lang='lat' dir='ltr'>promeritus</span> 
     </span>
     <span class='ocr_line' id='line_1_15' title="bbox 107 1860 1224 1950; baseline -0.004 -16"><span class='ocrx_word' id='word_1_117' title='bbox 107 1864 300 1950; x_wconf 83' lang='lat' dir='ltr'>indignantis</span> <span class='ocrx_word' id='word_1_118' title='bbox 315 1863 394 1927; x_wconf 87' lang='lat' dir='ltr'>iram</span> <span class='ocrx_word' id='word_1_119' title='bbox 408 1861 519 1944; x_wconf 90' lang='lat' dir='ltr'>populo</span> <span class='ocrx_word' id='word_1_120' title='bbox 534 1863 679 1944; x_wconf 89' lang='lat' dir='ltr'>pereunte</span> <span class='ocrx_word' id='word_1_121' title='bbox 693 1860 813 1927; x_wconf 86' lang='lat' dir='ltr'>leniuit.</span> <span class='ocrx_word' id='word_1_122' title='bbox 830 1864 905 1944; x_wconf 90' lang='lat' dir='ltr'>qnid</span> <span class='ocrx_word' id='word_1_123' title='bbox 920 1864 1061 1929; x_wconf 89' lang='lat' dir='ltr'>adultera</span> <span class='ocrx_word' id='word_1_124' title='bbox 1075 1865 1106 1928; x_wconf 90' lang='lat' dir='ltr'>st</span> <span class='ocrx_word' id='word_1_125' title='bbox 1121 1865 1224 1929; x_wconf 86' lang='lat' dir='ltr'>aliena</span> 
     </span>
     <span class='ocr_line' id='line_1_16' title="bbox 71 1957 1224 2048; baseline -0.006 -11"><span class='ocrx_word' id='word_1_126' title='bbox 71 2005 97 2044; x_wconf 70' lang='lat'>1⁵</span> <span class='ocrx_word' id='word_1_127' title='bbox 107 1975 142 2038; x_wconf 88' lang='lat' dir='ltr'>et</span> <span class='ocrx_word' id='word_1_128' title='bbox 157 1971 279 2036; x_wconf 87' lang='lat' dir='ltr'>diuinae</span> <span class='ocrx_word' id='word_1_129' title='bbox 301 1966 432 2032; x_wconf 83' lang='lat' dir='ltr'>unitatis</span> <span class='ocrx_word' id='word_1_130' title='bbox 452 1957 578 2030; x_wconf 86' lang='lat' dir='ltr'>inimica¹</span> <span class='ocrx_word' id='word_1_131' title='bbox 591 1965 623 2029; x_wconf 93' lang='lat' dir='ltr'>in</span> <span class='ocrx_word' id='word_1_132' title='bbox 639 1968 799 2047; x_wconf 85' lang='lat' dir='ltr'>acceptum</span> <span class='ocrx_word' id='word_1_133' title='bbox 817 1966 988 2044; x_wconf 84' lang='lat' dir='ltr'>referimus,</span> <span class='ocrx_word' id='word_1_134' title='bbox 1009 1967 1063 2048; x_wconf 90' lang='lat' dir='ltr'>qui</span> <span class='ocrx_word' id='word_1_135' title='bbox 1083 1983 1145 2031; x_wconf 91' lang='lat' dir='ltr'>non</span> <span class='ocrx_word' id='word_1_136' title='bbox 1163 1966 1224 2031; x_wconf 91' lang='lat' dir='ltr'>nisi</span> 
     </span>
     <span class='ocr_line' id='line_1_17' title="bbox 112 2067 1224 2150; baseline -0.005 -10"><span class='ocrx_word' id='word_1_137' title='bbox 112 2093 211 2140; x_wconf 93' lang='lat' dir='ltr'>unum</span> <span class='ocrx_word' id='word_1_138' title='bbox 226 2071 383 2138; x_wconf 85' lang='lat' dir='ltr'>Christum</span> <span class='ocrx_word' id='word_1_139' title='bbox 398 2070 430 2133; x_wconf 89' lang='lat' dir='ltr'>et</span> <span class='ocrx_word' id='word_1_140' title='bbox 444 2087 536 2133; x_wconf 84' lang='lat' dir='ltr'>unam</span> <span class='ocrx_word' id='word_1_141' title='bbox 551 2069 617 2132; x_wconf 89' lang='lat' dir='ltr'>eius</span> <span class='ocrx_word' id='word_1_142' title='bbox 632 2067 791 2134; x_wconf 86' lang='lat' dir='ltr'>ecclesiam</span> <span class='ocrx_word' id='word_1_143' title='bbox 806 2069 971 2134; x_wconf 81' lang='lat' dir='ltr'>nouimus?</span> <span class='ocrx_word' id='word_1_144' title='bbox 992 2068 1121 2134; x_wconf 83' lang='lat' dir='ltr'>ecclesis</span> <span class='ocrx_word' id='word_1_145' title='bbox 1133 2087 1224 2150; x_wconf 86' lang='lat' dir='ltr'>para·</span> 
     </span>
    </p>
   </div>
   <div class='ocr_carea' id='block_1_3' title="bbox 109 2170 1225 2468">
    <p class='ocr_par' dir='ltr' id='par_1_6' title="bbox 109 2170 1225 2468">
     <span class='ocr_line' id='line_1_18' title="bbox 113 2170 1224 2255; baseline -0.005 -13"><span class='ocrx_word' id='word_1_146' title='bbox 113 2177 176 2242; x_wconf 84' lang='lat' dir='ltr'>disi</span> <span class='ocrx_word' id='word_1_147' title='bbox 197 2175 296 2240; x_wconf 87' lang='lat' dir='ltr'>instar</span> <span class='ocrx_word' id='word_1_148' title='bbox 316 2171 486 2254; x_wconf 82' lang='lat' dir='ltr'>exprimens</span> <span class='ocrx_word' id='word_1_149' title='bbox 507 2170 627 2236; x_wconf 90' lang='lat' dir='ltr'>arbores</span> <span class='ocrx_word' id='word_1_150' title='bbox 649 2170 813 2255; x_wconf 85' lang='lat' dir='ltr'>frugiferas</span> <span class='ocrx_word' id='word_1_151' title='bbox 832 2172 915 2236; x_wconf 86' lang='lat' dir='ltr'>intra</span> <span class='ocrx_word' id='word_1_152' title='bbox 935 2190 1038 2237; x_wconf 92' lang='lat' dir='ltr'>muros</span> <span class='ocrx_word' id='word_1_153' title='bbox 1052 2190 1123 2236; x_wconf 89' lang='lat' dir='ltr'>snos</span> <span class='ocrx_word' id='word_1_154' title='bbox 1137 2173 1224 2237; x_wconf 91' lang='lat' dir='ltr'>intus</span> 
     </span>
     <span class='ocr_line' id='line_1_19' title="bbox 109 2272 1225 2358; baseline -0.004 -14"><span class='ocrx_word' id='word_1_155' title='bbox 109 2279 246 2354; x_wconf 82' lang='lat' dir='ltr'>inclusit,</span> <span class='ocrx_word' id='word_1_156' title='bbox 264 2296 299 2342; x_wconf 84' lang='lat' dir='ltr'>ex</span> <span class='ocrx_word' id='word_1_157' title='bbox 314 2275 425 2358; x_wconf 88' lang='lat' dir='ltr'>quibus</span> <span class='ocrx_word' id='word_1_158' title='bbox 440 2292 518 2356; x_wconf 88' lang='lat' dir='ltr'>quae</span> <span class='ocrx_word' id='word_1_159' title='bbox 534 2291 593 2337; x_wconf 92' lang='lat' dir='ltr'>non</span> <span class='ocrx_word' id='word_1_160' title='bbox 608 2272 682 2338; x_wconf 86' lang='lat' dir='ltr'>facit</span> <span class='ocrx_word' id='word_1_161' title='bbox 697 2273 834 2339; x_wconf 87' lang='lat' dir='ltr'>fructum</span> <span class='ocrx_word' id='word_1_162' title='bbox 849 2274 965 2339; x_wconf 91' lang='lat' dir='ltr'>bonum</span> <span class='ocrx_word' id='word_1_163' title='bbox 979 2274 1130 2339; x_wconf 82' lang='lat' dir='ltr'>exciditur</span> <span class='ocrx_word' id='word_1_164' title='bbox 1145 2276 1177 2339; x_wconf 89' lang='lat' dir='ltr'>et</span> <span class='ocrx_word' id='word_1_165' title='bbox 1191 2275 1225 2338; x_wconf 93' lang='lat' dir='ltr'>in</span> 
     </span>
     <span class='ocr_line' id='line_1_20' title="bbox 111 2377 1224 2468; baseline -0.005 -20"><span class='ocrx_word' id='word_1_166' title='bbox 111 2385 216 2468; x_wconf 82' lang='lat' dir='ltr'>ignem</span> <span class='ocrx_word' id='word_1_167' title='bbox 242 2379 389 2446; x_wconf 87' lang='lat' dir='ltr'>mittitur.</span> <span class='ocrx_word' id='word_1_168' title='bbox 417 2377 471 2442; x_wconf 89' lang='lat' dir='ltr'>has</span> <span class='ocrx_word' id='word_1_169' title='bbox 497 2377 619 2442; x_wconf 87' lang='lat' dir='ltr'>arbores</span> <span class='ocrx_word' id='word_1_170' title='bbox 644 2377 727 2462; x_wconf 85' lang='lat' dir='ltr'>riget</span> <span class='ocrx_word' id='word_1_171' title='bbox 752 2380 899 2459; x_wconf 86' lang='lat' dir='ltr'>quattuor</span> <span class='ocrx_word' id='word_1_172' title='bbox 919 2377 1100 2443; x_wconf 89' lang='lat' dir='ltr'>fluminibus</span> <span class='ocrx_word' id='word_1_173' title='bbox 1122 2377 1155 2442; x_wconf 88' lang='lat' dir='ltr'>id</span> <span class='ocrx_word' id='word_1_174' title='bbox 1176 2379 1224 2442; x_wconf 90' lang='lat' dir='ltr'>est</span> 
     </span>
    </p>
   </div>
   <div class='ocr_carea' id='block_1_4' title="bbox 71 2479 1227 2874">
    <p class='ocr_par' dir='ltr' id='par_1_7' title="bbox 71 2479 1227 2874">
     <span class='ocr_line' id='line_1_21' title="bbox 71 2479 1225 2569; baseline -0.011 -12"><span class='ocrx_word' id='word_1_175' title='bbox 71 2517 100 2557; x_wconf 76' lang='lat' dir='ltr'>eo</span> <span class='ocrx_word' id='word_1_176' title='bbox 114 2483 285 2569; x_wconf 87' lang='lat' dir='ltr'>euangeliis</span> <span class='ocrx_word' id='word_1_177' title='bbox 300 2482 454 2564; x_wconf 86' lang='lat' dir='ltr'>quattuor,</span> <span class='ocrx_word' id='word_1_178' title='bbox 470 2479 581 2562; x_wconf 87' lang='lat' dir='ltr'>quibus</span> <span class='ocrx_word' id='word_1_179' title='bbox 595 2480 743 2568; x_wconf 89' lang='lat' dir='ltr'>baptismi</span> <span class='ocrx_word' id='word_1_180' title='bbox 759 2481 893 2564; x_wconf 80' lang='lat' dir='ltr'>gretiam</span> <span class='ocrx_word' id='word_1_181' title='bbox 908 2481 1038 2546; x_wconf 81' lang='lat' dir='ltr'>salutari</span> <span class='ocrx_word' id='word_1_182' title='bbox 1053 2483 1085 2545; x_wconf 90' lang='lat' dir='ltr'>et</span> <span class='ocrx_word' id='word_1_183' title='bbox 1099 2481 1225 2546; x_wconf 83' lang='lat' dir='ltr'>caelesti</span> 
     </span>
     <span class='ocr_line' id='line_1_22' title="bbox 110 2582 1227 2668; baseline -0.01 -12"><span class='ocrx_word' id='word_1_184' title='bbox 110 2587 311 2656; x_wconf 87' lang='lat' dir='ltr'>inundatione</span> <span class='ocrx_word' id='word_1_185' title='bbox 325 2584 466 2668; x_wconf 89' lang='lat' dir='ltr'>largitur.</span> <span class='ocrx_word' id='word_1_186' title='bbox 483 2583 635 2665; x_wconf 90' lang='lat' dir='ltr'>numquid</span> <span class='ocrx_word' id='word_1_187' title='bbox 649 2583 687 2647; x_wconf 85' lang='lat' dir='ltr'>de</span> <span class='ocrx_word' id='word_1_188' title='bbox 700 2583 844 2648; x_wconf 87' lang='lat' dir='ltr'>ecclesias</span> <span class='ocrx_word' id='word_1_189' title='bbox 859 2583 996 2648; x_wconf 84' lang='lat' dir='ltr'>fontibus</span> <span class='ocrx_word' id='word_1_190' title='bbox 1011 2584 1111 2667; x_wconf 86' lang='lat' dir='ltr'>rigare</span> <span class='ocrx_word' id='word_1_191' title='bbox 1124 2582 1227 2664; x_wconf 89' lang='lat' dir='ltr'>potest</span> 
     </span>
     <span class='ocr_line' id='line_1_23' title="bbox 109 2685 1226 2776; baseline -0.009 -18"><span class='ocrx_word' id='word_1_192' title='bbox 109 2694 163 2776; x_wconf 91' lang='lat' dir='ltr'>qui</span> <span class='ocrx_word' id='word_1_193' title='bbox 178 2692 262 2756; x_wconf 79' lang='lat' dir='ltr'>Intus</span> <span class='ocrx_word' id='word_1_194' title='bbox 277 2689 310 2753; x_wconf 95' lang='lat' dir='ltr'>in</span> <span class='ocrx_word' id='word_1_195' title='bbox 324 2687 450 2752; x_wconf 85' lang='lat' dir='ltr'>ecclesio</span> <span class='ocrx_word' id='word_1_196' title='bbox 464 2705 524 2752; x_wconf 93' lang='lat' dir='ltr'>non</span> <span class='ocrx_word' id='word_1_197' title='bbox 539 2688 607 2749; x_wconf 82' lang='lat' dir='ltr'>est?</span> <span class='ocrx_word' id='word_1_198' title='bbox 621 2686 773 2768; x_wconf 89' lang='lat' dir='ltr'>numquid</span> <span class='ocrx_word' id='word_1_199' title='bbox 788 2685 923 2768; x_wconf 81' lang='lat' dir='ltr'>paradisi</span> <span class='ocrx_word' id='word_1_200' title='bbox 937 2689 1029 2768; x_wconf 89' lang='lat' dir='ltr'>potus</span> <span class='ocrx_word' id='word_1_201' title='bbox 1044 2685 1183 2751; x_wconf 87' lang='lat' dir='ltr'>salubres</span> <span class='ocrx_word' id='word_1_202' title='bbox 1194 2686 1226 2748; x_wconf 89' lang='lat' dir='ltr'>et</span> 
     </span>
     <span class='ocr_line' id='line_1_24' title="bbox 112 2787 1225 2874; baseline -0.009 -12"><span class='ocrx_word' id='word_1_203' title='bbox 112 2795 262 2862; x_wconf 79' lang='lat' dir='ltr'>salutares</span> <span class='ocrx_word' id='word_1_204' title='bbox 281 2790 429 2874; x_wconf 89' lang='lat' dir='ltr'>inpertire</span> <span class='ocrx_word' id='word_1_205' title='bbox 449 2787 592 2870; x_wconf 85' lang='lat' dir='ltr'>cuiquam</span> <span class='ocrx_word' id='word_1_206' title='bbox 606 2788 708 2868; x_wconf 89' lang='lat' dir='ltr'>potest</span> <span class='ocrx_word' id='word_1_207' title='bbox 722 2789 777 2871; x_wconf 90' lang='lat' dir='ltr'>qui</span> <span class='ocrx_word' id='word_1_208' title='bbox 790 2807 951 2870; x_wconf 86' lang='lat' dir='ltr'>peruersus</span> <span class='ocrx_word' id='word_1_209' title='bbox 965 2792 998 2855; x_wconf 90' lang='lat' dir='ltr'>et</span> <span class='ocrx_word' id='word_1_210' title='bbox 1012 2809 1031 2854; x_wconf 90' lang='lat' dir='ltr'>a</span> <span class='ocrx_word' id='word_1_211' title='bbox 1047 2790 1145 2854; x_wconf 87' lang='lat' dir='ltr'>semet</span> <span class='ocrx_word' id='word_1_212' title='bbox 1158 2788 1225 2871; x_wconf 93' lang='lat' dir='ltr'>ipso</span> 
     </span>
    </p>
   </div>
   <div class='ocr_carea' id='block_1_5' title="bbox 215 2993 444 3056">
    <p class='ocr_par' dir='ltr' id='par_1_8' title="bbox 215 2993 444 3056">
     <span class='ocr_line' id='line_1_25' title="bbox 215 2993 444 3056; baseline -0.022 -6"><span class='ocrx_word' id='word_1_213' title='bbox 215 2997 247 3050; x_wconf 93' lang='lat'>11</span> <span class='ocrx_word' id='word_1_214' title='bbox 264 2996 343 3050; x_wconf 86' lang='lat' dir='ltr'>Dent</span> <span class='ocrx_word' id='word_1_215' title='bbox 360 2995 385 3056; x_wconf 85' lang='lat'>4,</span> <span class='ocrx_word' id='word_1_216' title='bbox 404 2993 444 3046; x_wconf 86' lang='grc'>24.</span> 
     </span>
    </p>
   </div>
   <div class='ocr_carea' id='block_1_6' title="bbox 105 3161 1226 4362">
    <p class='ocr_par' dir='ltr' id='par_1_9' title="bbox 105 3161 1226 4362">
     <span class='ocr_line' id='line_1_26' title="bbox 162 3161 1226 3238; baseline -0.004 -16"><span class='ocrx_word' id='word_1_217' title='bbox 162 3167 280 3238; x_wconf 85' lang='lat' dir='ltr'>lposita</span> <span class='ocrx_word' id='word_1_218' title='bbox 297 3165 329 3220; x_wconf 81' lang='lat'>0¹</span> <span class='ocrx_word' id='word_1_219' title='bbox 433 3164 460 3215; x_wconf 90' lang='lat' dir='ltr'>et</span> <span class='ocrx_word' id='word_1_220' title='bbox 471 3161 655 3215; x_wconf 82' lang='lat' dir='ltr'>iuiunderetur</span> <span class='ocrx_word' id='word_1_221' title='bbox 666 3177 715 3215; x_wconf 83' lang='lat' dir='ltr'>om.</span> <span class='ocrx_word' id='word_1_222' title='bbox 729 3161 757 3214; x_wconf 99' lang='grc' dir='ltr'><strong><em>Β</em></strong></span> <span class='ocrx_word' id='word_1_223' title='bbox 858 3162 1040 3231; x_wconf 86' lang='lat' dir='ltr'>3baptiaatnr</span> <span class='ocrx_word' id='word_1_224' title='bbox 1053 3164 1080 3218; x_wconf 90' lang='grc' dir='ltr'><strong><em>Β</em></strong></span> <span class='ocrx_word' id='word_1_225' title='bbox 1178 3181 1226 3234; x_wconf 90' lang='lat' dir='ltr'>per</span> 
     </span>
     <span class='ocr_line' id='line_1_27' title="bbox 112 3246 1225 3326; baseline -0.004 -17"><span class='ocrx_word' id='word_1_226' title='bbox 112 3253 275 3326; x_wconf 84' lang='lat' dir='ltr'>praepositos</span> <span class='ocrx_word' id='word_1_227' title='bbox 291 3250 314 3305; x_wconf 84' lang='lat' dir='ltr'><em>G</em></span> <span class='ocrx_word' id='word_1_228' title='bbox 441 3247 609 3302; x_wconf 61' lang='lat' dir='ltr'>torreretur</span> <span class='ocrx_word' id='word_1_229' title='bbox 620 3246 649 3300; x_wconf 88' lang='lat' dir='ltr'><strong><em>B</em></strong></span> <span class='ocrx_word' id='word_1_230' title='bbox 777 3247 795 3301; x_wconf 87' lang='lat'><strong>5</strong></span> <span class='ocrx_word' id='word_1_231' title='bbox 806 3251 997 3317; x_wconf 71' lang='lat' dir='ltr'>consequa-tar</span> <span class='ocrx_word' id='word_1_232' title='bbox 1009 3250 1037 3304; x_wconf 91' lang='grc' dir='ltr'><strong><em>Β</em></strong></span> <span class='ocrx_word' id='word_1_233' title='bbox 1164 3267 1225 3304; x_wconf 89' lang='lat' dir='ltr'>oon-</span> 
     </span>
     <span class='ocr_line' id='line_1_28' title="bbox 109 3331 1226 3396; baseline -0.005 0"><span class='ocrx_word' id='word_1_234' title='bbox 109 3340 272 3396; x_wconf 68' lang='lat' dir='ltr'>summestur</span> <span class='ocrx_word' id='word_1_235' title='bbox 284 3335 311 3388; x_wconf 92' lang='grc' dir='ltr'><strong><em>Β</em></strong></span> <span class='ocrx_word' id='word_1_236' title='bbox 421 3333 437 3386; x_wconf 81' lang='lat' dir='ltr'>I</span> <span class='ocrx_word' id='word_1_237' title='bbox 450 3331 532 3386; x_wconf 85' lang='lat' dir='ltr'>irater</span> <span class='ocrx_word' id='word_1_238' title='bbox 543 3348 592 3386; x_wconf 88' lang='lat' dir='ltr'>om.</span> <span class='ocrx_word' id='word_1_239' title='bbox 605 3331 632 3386; x_wconf 90' lang='lat' dir='ltr'><strong><em>P</em></strong></span> <span class='ocrx_word' id='word_1_240' title='bbox 746 3334 882 3388; x_wconf 89' lang='lat' dir='ltr'>carissime</span> <span class='ocrx_word' id='word_1_241' title='bbox 894 3351 944 3389; x_wconf 85' lang='lat' dir='ltr'>om.</span> <span class='ocrx_word' id='word_1_242' title='bbox 958 3335 980 3390; x_wconf 83' lang='lat'><strong><em>0</em></strong></span> <span class='ocrx_word' id='word_1_243' title='bbox 1081 3335 1114 3390; x_wconf 89' lang='lat' dir='ltr'>de</span> <span class='ocrx_word' id='word_1_244' title='bbox 1125 3336 1226 3390; x_wconf 85' lang='lat' dir='ltr'>hereti-</span> 
     </span>
     <span class='ocr_line' id='line_1_29' title="bbox 109 3409 1226 3484; baseline 0 -10"><span class='ocrx_word' id='word_1_245' title='bbox 109 3427 149 3481; x_wconf 69' lang='lat' dir='ltr'>cis</span> <span class='ocrx_word' id='word_1_246' title='bbox 162 3425 185 3481; x_wconf 80' lang='lat'><em>0</em></span> <span class='ocrx_word' id='word_1_247' title='bbox 302 3409 445 3475; x_wconf 69' lang='lat' dir='ltr'>cedendum</span> <span class='ocrx_word' id='word_1_248' title='bbox 457 3419 490 3472; x_wconf 87' lang='lat' dir='ltr'><em>N</em></span> <span class='ocrx_word' id='word_1_249' title='bbox 606 3417 623 3470; x_wconf 90' lang='lat'>8</span> <span class='ocrx_word' id='word_1_250' title='bbox 635 3416 671 3484; x_wconf 88' lang='lat' dir='ltr'>et]</span> <span class='ocrx_word' id='word_1_251' title='bbox 684 3421 715 3472; x_wconf 92' lang='lat' dir='ltr'>ut</span> <span class='ocrx_word' id='word_1_252' title='bbox 726 3419 765 3474; x_wconf 82' lang='lat' dir='ltr'>Co</span> <span class='ocrx_word' id='word_1_253' title='bbox 884 3422 912 3473; x_wconf 89' lang='lat' dir='ltr'>et</span> <span class='ocrx_word' id='word_1_254' title='bbox 924 3420 975 3473; x_wconf 92' lang='lat' dir='ltr'>soli</span> <span class='ocrx_word' id='word_1_255' title='bbox 986 3437 1036 3476; x_wconf 88' lang='lat' dir='ltr'>om.</span> <span class='ocrx_word' id='word_1_256' title='bbox 1053 3420 1076 3477; x_wconf 83' lang='grc'><em>0</em></span> <span class='ocrx_word' id='word_1_257' title='bbox 1188 3421 1226 3474; x_wconf 78' lang='lat' dir='ltr'>stt</span> 
     </span>
     <span class='ocr_line' id='line_1_30' title="bbox 108 3489 1191 3575; baseline 0 -14"><span class='ocrx_word' id='word_1_258' title='bbox 108 3515 200 3569; x_wconf 50' lang='lat' dir='ltr'>,min</span> <span class='ocrx_word' id='word_1_259' title='bbox 339 3504 492 3561; x_wconf 75' lang='lat' dir='ltr'>suescas</span> <span class='ocrx_word' id='word_1_260' title='bbox 629 3489 896 3560; x_wconf 44' lang='lat' dir='ltr'>missenus</span> <span class='ocrx_word' id='word_1_261' title='bbox 1031 3507 1065 3560; x_wconf 79' lang='lat'>13</span> <span class='ocrx_word' id='word_1_262' title='bbox 1077 3505 1146 3575; x_wconf 80' lang='lat' dir='ltr'>quoe</span> <span class='ocrx_word' id='word_1_263' title='bbox 1158 3506 1191 3561; x_wconf 73' lang='grc' dir='ltr'>οι</span> 
     </span>
     <span class='ocr_line' id='line_1_31' title="bbox 106 3575 1224 3671; baseline -0.006 -18"><span class='ocrx_word' id='word_1_264' title='bbox 106 3601 218 3671; x_wconf 88' lang='lat' dir='ltr'>phinees</span> <span class='ocrx_word' id='word_1_265' title='bbox 231 3597 283 3660; x_wconf 85' lang='lat' dir='ltr'>No,</span> <span class='ocrx_word' id='word_1_266' title='bbox 301 3593 399 3647; x_wconf 76' lang='lat' dir='ltr'>fiueses</span> <span class='ocrx_word' id='word_1_267' title='bbox 412 3591 447 3654; x_wconf 88' lang='grc' dir='ltr'>Β,</span> <span class='ocrx_word' id='word_1_268' title='bbox 464 3588 553 3644; x_wconf 85' lang='lat' dir='ltr'>finiuit</span> <span class='ocrx_word' id='word_1_269' title='bbox 566 3589 599 3642; x_wconf 81' lang='lat'>0¹</span> <span class='ocrx_word' id='word_1_270' title='bbox 751 3591 872 3659; x_wconf 87' lang='lat' dir='ltr'>placauit</span> <span class='ocrx_word' id='word_1_271' title='bbox 884 3590 919 3645; x_wconf 77' lang='lat'>0²</span> <span class='ocrx_word' id='word_1_272' title='bbox 1071 3595 1099 3646; x_wconf 90' lang='lat' dir='ltr'>et</span> <span class='ocrx_word' id='word_1_273' title='bbox 1113 3575 1176 3647; x_wconf 60' lang='lat' dir='ltr'>dnm</span> <span class='ocrx_word' id='word_1_274' title='bbox 1189 3593 1224 3656; x_wconf 91' lang='lat' dir='ltr'>B,</span> 
     </span>
     <span class='ocr_line' id='line_1_32' title="bbox 107 3673 1192 3746; baseline -0.009 -5"><span class='ocrx_word' id='word_1_275' title='bbox 107 3689 134 3741; x_wconf 89' lang='lat' dir='ltr'>et</span> <span class='ocrx_word' id='word_1_276' title='bbox 147 3673 192 3740; x_wconf 70' lang='lat' dir='ltr'>din</span> <span class='ocrx_word' id='word_1_277' title='bbox 205 3687 232 3737; x_wconf 86' lang='lat' dir='ltr'>ct</span> <span class='ocrx_word' id='word_1_278' title='bbox 244 3682 267 3737; x_wconf 84' lang='lat' dir='ltr'><em>O</em></span> <span class='ocrx_word' id='word_1_279' title='bbox 277 3682 394 3735; x_wconf 74' lang='lat' dir='ltr'>abersee</span> <span class='ocrx_word' id='word_1_280' title='bbox 405 3679 433 3731; x_wconf 89' lang='lat' dir='ltr'>et</span> <span class='ocrx_word' id='word_1_281' title='bbox 444 3692 463 3730; x_wconf 84' lang='lat' dir='ltr'>a.</span> <span class='ocrx_word' id='word_1_282' title='bbox 478 3676 494 3730; x_wconf 88' lang='grc'>1.</span> <span class='ocrx_word' id='word_1_283' title='bbox 582 3675 731 3743; x_wconf 82' lang='lat' dir='ltr'>promeritis</span> <span class='ocrx_word' id='word_1_284' title='bbox 744 3675 794 3729; x_wconf 79' lang='lat' dir='ltr'>OT</span> <span class='ocrx_word' id='word_1_285' title='bbox 805 3676 828 3728; x_wconf 90' lang='lat' dir='ltr'>is</span> <span class='ocrx_word' id='word_1_286' title='bbox 840 3691 875 3730; x_wconf 73' lang='lat' dir='ltr'>ea</span> <span class='ocrx_word' id='word_1_287' title='bbox 888 3693 928 3742; x_wconf 86' lang='lat' dir='ltr'>us,</span> <span class='ocrx_word' id='word_1_288' title='bbox 939 3693 987 3746; x_wconf 93' lang='lat' dir='ltr'>pro</span> <span class='ocrx_word' id='word_1_289' title='bbox 999 3677 1094 3731; x_wconf 85' lang='lat' dir='ltr'>merito</span> <span class='ocrx_word' id='word_1_290' title='bbox 1106 3693 1152 3731; x_wconf 87' lang='lat' dir='ltr'>suo</span> <span class='ocrx_word' id='word_1_291' title='bbox 1165 3678 1192 3732; x_wconf 93' lang='grc' dir='ltr'><strong><em>Β</em></strong></span> 
     </span>
     <span class='ocr_line' id='line_1_33' title="bbox 106 3759 1192 3830; baseline -0.01 -1"><span class='ocrx_word' id='word_1_292' title='bbox 106 3761 140 3828; x_wconf 67' lang='lat' dir='ltr'>sl</span> <span class='ocrx_word' id='word_1_293' title='bbox 153 3770 302 3826; x_wconf 86' lang='lat' dir='ltr'>adulteram</span> <span class='ocrx_word' id='word_1_294' title='bbox 314 3765 382 3822; x_wconf 82' lang='lat' dir='ltr'>GNo</span> <span class='ocrx_word' id='word_1_295' title='bbox 534 3759 632 3829; x_wconf 84' lang='lat' dir='ltr'>aliena]</span> <span class='ocrx_word' id='word_1_296' title='bbox 651 3759 826 3830; x_wconf 81' lang='lat' dir='ltr'>alieniginem</span> <span class='ocrx_word' id='word_1_297' title='bbox 837 3779 854 3816; x_wconf 87' lang='lat' dir='ltr'>o</span> <span class='ocrx_word' id='word_1_298' title='bbox 865 3767 892 3816; x_wconf 76' lang='lat' dir='ltr'>er</span> <span class='ocrx_word' id='word_1_299' title='bbox 904 3761 984 3816; x_wconf 77' lang='lat' dir='ltr'>Osed</span> <span class='ocrx_word' id='word_1_300' title='bbox 995 3764 1062 3818; x_wconf 73' lang='lat' dir='ltr'>iol]</span> <span class='ocrx_word' id='word_1_301' title='bbox 1076 3781 1120 3818; x_wconf 87' lang='lat' dir='ltr'>am</span> <span class='ocrx_word' id='word_1_302' title='bbox 1132 3779 1192 3818; x_wconf 75' lang='lat' dir='ltr'>exe</span> 
     </span>
     <span class='ocr_line' id='line_1_34' title="bbox 106 3846 1225 3918; baseline -0.01 -3"><span class='ocrx_word' id='word_1_303' title='bbox 106 3861 141 3915; x_wconf 85' lang='lat'>15</span> <span class='ocrx_word' id='word_1_304' title='bbox 151 3861 179 3912; x_wconf 87' lang='lat' dir='ltr'>et</span> <span class='ocrx_word' id='word_1_305' title='bbox 190 3854 273 3911; x_wconf 72' lang='lat' dir='ltr'>ormo</span> <span class='ocrx_word' id='word_1_306' title='bbox 373 3847 475 3903; x_wconf 82' lang='lat' dir='ltr'>unitati</span> <span class='ocrx_word' id='word_1_307' title='bbox 488 3847 516 3900; x_wconf 99' lang='grc' dir='ltr'><strong><em>Β</em></strong></span> <span class='ocrx_word' id='word_1_308' title='bbox 616 3846 752 3900; x_wconf 87' lang='lat' dir='ltr'>inimicam</span> <span class='ocrx_word' id='word_1_309' title='bbox 766 3846 803 3902; x_wconf 79' lang='lat' dir='ltr'>Co</span> <span class='ocrx_word' id='word_1_310' title='bbox 905 3849 940 3902; x_wconf 85' lang='grc'>16</span> <span class='ocrx_word' id='word_1_311' title='bbox 950 3866 1029 3904; x_wconf 88' lang='lat' dir='ltr'>unam</span> <span class='ocrx_word' id='word_1_312' title='bbox 1041 3851 1108 3918; x_wconf 90' lang='lat' dir='ltr'>eins]</span> <span class='ocrx_word' id='word_1_313' title='bbox 1121 3850 1225 3904; x_wconf 81' lang='lat' dir='ltr'>unicam</span> 
     </span>
     <span class='ocr_line' id='line_1_35' title="bbox 105 3932 1192 4002; baseline -0.004 -8"><span class='ocrx_word' id='word_1_314' title='bbox 105 3963 139 4002; x_wconf 59' lang='lat' dir='ltr'><strong><em>a</em></strong></span> <span class='ocrx_word' id='word_1_315' title='bbox 150 3940 279 4000; x_wconf 77' lang='lat' dir='ltr'>unitnsO</span> <span class='ocrx_word' id='word_1_316' title='bbox 369 3937 397 3989; x_wconf 88' lang='lat' dir='ltr'>et</span> <span class='ocrx_word' id='word_1_317' title='bbox 407 3933 518 3988; x_wconf 85' lang='lat' dir='ltr'>ecclesia</span> <span class='ocrx_word' id='word_1_318' title='bbox 529 3932 583 3985; x_wconf 89' lang='lat' dir='ltr'>NP</span> <span class='ocrx_word' id='word_1_319' title='bbox 671 3932 814 4000; x_wconf 87' lang='lat' dir='ltr'>paradisiis</span> <span class='ocrx_word' id='word_1_320' title='bbox 826 3933 860 3988; x_wconf 77' lang='lat'>0¹</span> <span class='ocrx_word' id='word_1_321' title='bbox 957 3936 989 3989; x_wconf 81' lang='grc'>11</span> <span class='ocrx_word' id='word_1_322' title='bbox 1001 3935 1141 3990; x_wconf 79' lang='lat' dir='ltr'>fuctir&#39;eras</span> <span class='ocrx_word' id='word_1_323' title='bbox 1154 3936 1192 3991; x_wconf 81' lang='lat' dir='ltr'>Oo</span> 
     </span>
     <span class='ocr_line' id='line_1_36' title="bbox 106 4017 1192 4091; baseline -0.008 -5"><span class='ocrx_word' id='word_1_324' title='bbox 106 4033 139 4088; x_wconf 85' lang='lat'>18</span> <span class='ocrx_word' id='word_1_325' title='bbox 152 4025 293 4086; x_wconf 75' lang='lat' dir='ltr'>includito</span> <span class='ocrx_word' id='word_1_326' title='bbox 361 4020 437 4091; x_wconf 89' lang='lat' dir='ltr'>quae]</span> <span class='ocrx_word' id='word_1_327' title='bbox 450 4020 497 4088; x_wconf 89' lang='lat' dir='ltr'>qni</span> <span class='ocrx_word' id='word_1_328' title='bbox 509 4017 570 4073; x_wconf 84' lang='lat' dir='ltr'>OP&#39;</span> <span class='ocrx_word' id='word_1_329' title='bbox 638 4017 736 4072; x_wconf 91' lang='lat' dir='ltr'>bonum</span> <span class='ocrx_word' id='word_1_330' title='bbox 747 4018 898 4075; x_wconf 75' lang='lat' dir='ltr'>fructmO</span> <span class='ocrx_word' id='word_1_331' title='bbox 963 4022 1136 4076; x_wconf 75' lang='lat' dir='ltr'>20salutaria</span> <span class='ocrx_word' id='word_1_332' title='bbox 1148 4023 1192 4078; x_wconf 85' lang='lat' dir='ltr'>Bo</span> 
     </span>
     <span class='ocr_line' id='line_1_37' title="bbox 106 4104 1225 4177; baseline -0.001 -15"><span class='ocrx_word' id='word_1_333' title='bbox 106 4122 226 4174; x_wconf 61' lang='lat' dir='ltr'>etms</span> <span class='ocrx_word' id='word_1_334' title='bbox 345 4105 466 4164; x_wconf 86' lang='lat' dir='ltr'>caelestis</span> <span class='ocrx_word' id='word_1_335' title='bbox 479 4105 506 4159; x_wconf 93' lang='lat' dir='ltr'><strong><em>B</em></strong></span> <span class='ocrx_word' id='word_1_336' title='bbox 628 4104 661 4158; x_wconf 91' lang='grc'>21</span> <span class='ocrx_word' id='word_1_337' title='bbox 674 4104 877 4160; x_wconf 83' lang='lat' dir='ltr'>inundationem</span> <span class='ocrx_word' id='word_1_338' title='bbox 891 4108 927 4162; x_wconf 73' lang='lat'>1²¹</span> <span class='ocrx_word' id='word_1_339' title='bbox 1046 4109 1131 4177; x_wconf 80' lang='lat' dir='ltr'>rigari</span> <span class='ocrx_word' id='word_1_340' title='bbox 1142 4108 1225 4164; x_wconf 83' lang='lat' dir='ltr'>OTri</span> 
     </span>
     <span class='ocr_line' id='line_1_38' title="bbox 107 4191 1224 4264; baseline -0.005 -10"><span class='ocrx_word' id='word_1_341' title='bbox 107 4222 142 4262; x_wconf 70' lang='lat' dir='ltr'>ex</span> <span class='ocrx_word' id='word_1_342' title='bbox 153 4221 182 4259; x_wconf 84' lang='lat' dir='ltr'>re</span> <span class='ocrx_word' id='word_1_343' title='bbox 294 4193 499 4254; x_wconf 63' lang='lat' dir='ltr'>reserauerat</span> <span class='ocrx_word' id='word_1_344' title='bbox 512 4192 551 4258; x_wconf 84' lang='lat' dir='ltr'>(et</span> <span class='ocrx_word' id='word_1_345' title='bbox 561 4192 622 4258; x_wconf 87' lang='lat' dir='ltr'>om.)</span> <span class='ocrx_word' id='word_1_346' title='bbox 634 4191 662 4244; x_wconf 81' lang='lat' dir='ltr'><strong><em>L</em></strong></span> <span class='ocrx_word' id='word_1_347' title='bbox 772 4191 807 4246; x_wconf 86' lang='grc'>23</span> <span class='ocrx_word' id='word_1_348' title='bbox 818 4207 954 4261; x_wconf 88' lang='lat' dir='ltr'>peruersos</span> <span class='ocrx_word' id='word_1_349' title='bbox 966 4193 993 4248; x_wconf 83' lang='lat' dir='ltr'><em>L</em></span> <span class='ocrx_word' id='word_1_350' title='bbox 1094 4195 1166 4264; x_wconf 88' lang='lat' dir='ltr'>ipsos</span> <span class='ocrx_word' id='word_1_351' title='bbox 1180 4194 1224 4259; x_wconf 73' lang='lat'>2¹¹,</span> 
     </span>
     <span class='ocr_line' id='line_1_39' title="bbox 108 4289 236 4362; baseline -0.023 -15"><span class='ocrx_word' id='word_1_352' title='bbox 108 4293 196 4362; x_wconf 86' lang='lat' dir='ltr'>ipsum</span> <span class='ocrx_word' id='word_1_353' title='bbox 208 4289 236 4343; x_wconf 90' lang='lat' dir='ltr'><strong><em>B</em></strong></span> 
     </span>
    </p>
   </div>
   <div class='ocr_carea' id='block_1_7' title="bbox 210 4366 1021 4441">
    <p class='ocr_par' dir='ltr' id='par_1_10' title="bbox 210 4366 1021 4441">
     <span class='ocr_line' id='line_1_40' title="bbox 210 4366 1021 4441; baseline -0.004 0"><span class='ocrx_word' id='word_1_354' title='bbox 210 4393 260 4441; x_wconf 90' lang='lat'>111.</span> <span class='ocrx_word' id='word_1_355' title='bbox 978 4366 1021 4431; x_wconf 83' lang='lat'>50</span> 
     </span>
    </p>
   </div>
   <div class='ocr_carea' id='block_1_8' title="bbox 0 0 1518 4967">
    <p class='ocr_par' dir='ltr' id='par_1_11' title="bbox 0 0 1518 4967">
     <span class='ocr_line' id='line_1_41' title="bbox 0 0 1518 4967; baseline 0 1"><span class='ocrx_word' id='word_1_356' title='bbox 0 0 1518 4967; x_wconf 95' lang='lat' dir='ltr'> </span> 
     </span>
    </p>
   </div>
  </div>
 </body>
</html>
