3025 4967
1054 402 1127 450 XXV

75 562 101 608 re
113 538 178 605 nodo
197 556 228 601 ex
249 537 306 601 boc
328 538 421 603 modo
445 556 482 603 ex
504 538 559 603 illo
585 538 754 604 uetustiore
775 537 856 603 libro
878 538 1075 623 depromptas
1096 540 1129 603 in
1271 614 1275 622 Ι

76 658 143 717 umor
162 649 312 729 reciperem
338 667 455 714 nouam
480 648 626 733 effingens
651 650 858 715 recensionem
879 636 957 732 qnae
976 668 1128 731 nusquam

75 762 148 837 sert
161 760 201 825 nel
215 761 292 825 inter
306 761 430 827 codices
439 762 472 825 et
482 761 583 827 aetate
595 762 628 827 st
641 760 829 827 auctoritate
843 778 931 844 pares
944 780 1043 826 unum
1056 782 1130 845 prae

74 875 133 939 reris
155 872 228 953 sequi
255 871 375 937 uellem
404 872 493 954 quasi
522 870 693 937 nersionem
723 891 742 937 1
770 870 922 955 Cypriane
951 874 1130 955 usurpatam

72 983 252 1067 repraesentaret.
274 982 456 1066 permultos
471 984 569 1065 igitur
589 982 682 1049 huius
697 982 798 1049 libelli
813 983 932 1049 codices
946 982 1075 1066 inspexi,
1095 987 1132 1050 ut

72 1114 125 1157 nm
139 1094 290 1158 bnemrem
311 1094 369 1177 qni
389 1094 637 1159 testimoniorum
657 1094 778 1159 tertium
792 1094 833 1159 ad
848 1075 964 1159 certam
978 1094 1133 1177 quandem

70 1206 136 1271 reris
154 1205 409 1289 interpretationis
433 1206 641 1273 recensionem
663 1205 852 1291 castigatum
875 1206 1012 1272 exhiberi
1035 1205 1133 1271 firmis

69 1317 143 1381 induis
162 1317 325 1399 sponderet.
357 1318 406 1381 est
431 1335 503 1383 uero
528 1318 574 1382 ite
600 1318 784 1400 conparatus
810 1317 904 1383 codex
929 1317 1134 1383 bibliothecae

69 1428 197 1491 5111111111
209 1427 328 1508 LVIII,
351 1446 430 1493 saec.
446 1427 614 1493 Vlll-IX
633 1424 687 1513 (cf.
703 1428 924 1494 Reifferscheid
938 1428 1135 1493 Bibliotheca

67 1542 114 1617 prr.
129 1537 171 1602 lot.
188 1538 254 1603 iret
276 1558 308 1621 p.
328 1538 416 1625 129),
438 1540 491 1622 qni
505 1540 677 1625 Augustini
697 1540 780 1623 quod
800 1540 898 1606 fertur
913 1538 1081 1621 Speculum
1096 1539 1135 1605 ab

68 1650 141 1731 lrpelo
152 1650 224 1715 llaio
237 1651 272 1715 in
285 1649 382 1716 Patr.
398 1669 470 1717 coc.
486 1652 556 1717 bibl.
574 1652 589 1717 l
604 1654 625 1717 2
641 1672 677 1717 11
692 1671 726 1717 11
742 1653 931 1734 descriptum
947 1654 979 1717 et
990 1650 1136 1735 Cypriani

68 1766 102 1823 te
111 1761 183 1827 libros
192 1762 245 1827 Ae
255 1760 436 1837 Quirinum
450 1764 504 1845 qni
517 1762 555 1829 de
569 1764 777 1829 sacramentis
789 1762 912 1829 Otristi
926 1764 1137 1829 inscribuntur

68 1872 161 1937 cribet
180 1894 247 1939 nam
269 1892 307 1939 ax
330 1876 487 1941 constanti
508 1876 670 1957 utriusque
690 1875 813 1940 libriin
828 1875 1025 1959 grauioribus
1046 1875 1138 1940 rebus

68 2002 163 2049 cnsusn
175 1986 245 2067 quin
260 1987 369 2052 textus
384 1986 425 2052 ad
439 1988 554 2053 certam
569 1987 726 2070 quandam
741 1988 857 2053 ueteris
873 1986 1138 2068 interpretationis

69 2095 214 2161 renuerem
233 2099 411 2182 castigatus
432 2099 475 2163 sit
495 2099 634 2167 dubitari
649 2100 771 2182 nequit.
796 2118 888 2181 quem
908 2098 1044 2164 codicem
1068 2116 1139 2163 cum

68 2206 193 2281 eduinum
206 2208 318 2275 ducem
334 2210 492 2295 eligerem,
509 2212 576 2277 eins
591 2210 708 2276 auxilio
719 2210 985 2292 interpretationis
994 2208 1140 2293 Cypriani

68 2316 171 2401 uenplar
188 2321 360 2404 genuinum
380 2320 505 2387 restitui
525 2340 613 2406 posse
629 2341 689 2387 non
704 2322 824 2405 putaui,
847 2321 952 2418 sed‘ut
966 2322 999 2387 id
1014 2321 1139 2387 facilins

71 2426 107 2489 ini
121 2429 264 2512 aliqnando
283 2434 401 2513 posset,
421 2432 533 2516 siquis
553 2433 604 2499 nir
618 2435 762 2499 strenuus
777 2436 809 2499 et
824 2436 933 2499 acutus
948 2433 1140 2516 quaestiones

70 2538 112 2602 nc
129 2560 190 2623 qnae
212 2542 355 2611 indicaui
378 2542 530 2610 Sabaterii
552 2546 692 2629 exemplo
716 2546 874 2629 susceptas
897 2544 1141 2628 pertractauerit,

69 2646 167 2716 tationes
185 2654 325 2720 codicum
342 2656 369 2721 B
381 2656 406 2721 L
418 2656 452 2721 Μ
463 2656 505 2721 W
519 2676 594 2740 qnos
610 2658 805 2724 diuersarum
819 2657 1031 2723 recensionum
1045 2658 1142 2722 testes

68 2778 144 2826 seer
156 2767 348 2847 grauissimis
368 2768 540 2835 multorum
560 2768 697 2835 locorum
717 2770 932 2853 diserepantiis
952 2770 1089 2852 apparet,
1110 2767 1143 2831 in

68 2870 245 2943 messorem
260 2880 407 2944 criticam
421 2880 532 2964 recepi.
548 2881 581 2945 in
597 2880 814 2947 constituenda
827 2898 901 2945 uero
916 2880 1031 2945 ueteris
1045 2880 1143 2943 inter·

69 2986 131 3061 prede
151 2990 278 3056 oratione
309 2991 484 3075 legentium
507 2992 722 3059 commoditati
744 2993 888 3060 nonnihil
912 2991 1145 3057 condonandum

68 3100 186 3163 mutus
196 3118 255 3166 non
267 3103 373 3167 totam
383 3101 583 3185 prouincialis
593 3103 761 3171 latinitatis
773 3104 1005 3170 deformitatem
1017 3101 1144 3167 admisi:

70 3221 132 3285 ique
143 3211 212 3275 enim
227 3212 287 3278 bac
299 3214 336 3279 in
346 3232 378 3279 re
389 3213 548 3297 explorate
562 3218 635 3281 suut
650 3216 761 3281 omnia
778 3216 916 3282 multum
931 3216 1009 3281 scire
1023 3212 1147 3278 intersit

69 3333 117 3380 1111
127 3322 202 3387 uetus
214 3324 274 3389 illa
288 3326 505 3408 interpretatio
516 3326 664 3393 Africana
678 3328 835 3393 latinitate
849 3327 1024 3410 conscripta
1041 3323 1147 3405 fuerit,

70 3428 116 3490 risi
127 3432 179 3497 eins
196 3437 240 3501 rei
260 3440 347 3502 certe
363 3438 471 3505 insunt
485 3439 610 3518 indicia,
632 3458 784 3522 quaenam
798 3439 863 3505 sint
878 3437 1051 3521 quibusque
1066 3436 1148 3501 notis

71 3536 175 3609 tiorum
196 3546 408 3629 Hispanorum
434 3548 597 3615 Gallorum
622 3550 745 3632 propria
772 3548 1020 3634 distinguantur,
1045 3546 1147 3611 Wise·

72 3667 147 3719 umus
159 3656 240 3740 {Troo
259 3658 366 3725 letters
385 3680 425 3727 oc
445 3680 525 3727 sorece
535 3666 629 3743 ports
643 3662 739 3745 oftlre
752 3666 946 3743 controversy
964 3660 1150 3740 eoccanicp

73 3762 184 3847 1111,
197 3777 219 3835 7
231 3773 292 3837 etc.
309 3772 343 3837 in
357 3772 497 3839 Cotbolic
508 3774 683 3857 Maporiree
698 3794 724 3838 a
741 3774 833 3839 1832.
852 3773 947 3853 1833)
962 3772 996 3837 in
1010 3792 1046 3837 ea
1057 3771 1151 3837 Afro·

74 3890 116 3937 flffl
133 3896 291 3949 sermonem
315 3884 549 3967 deprehendisse
570 3885 631 3950 sibi
651 3886 737 3955 nisus
759 3885 816 3967 est,
842 3886 949 3951 contra
968 3884 1152 3969 argumenta

75 3982 237 4057 ²Wisemauc
259 3994 384 4078 prolata
403 3995 483 4061 nihil
504 3996 606 4063 ualere
629 3995 726 4063 (ieme
749 3994 826 4075 (Die
844 3994 1153 4079 Kircbeapeeebicbte

78 4114 113 4158 Μ
127 4100 252 4182 paean
278 4106 365 4173 1862
390 4106 407 4171 I
429 4125 459 4189 p.
480 4107 521 4173 86
542 4114 599 4191 sq.)
626 4108 837 4173 demonstrare
863 4107 995 4173 studuit.
1023 4108 1062 4173 de
1081 4122 1152 4189 pro·

78 4205 179 4279 mulie
195 4216 366 4283 latinitatis
387 4218 547 4301 generibus
560 4218 666 4284 nullus
682 4218 895 4301 quaestionem
909 4217 1058 4283 institnit.
1081 4236 1153 4282 unm

79 4317 112 4392 lli
122 4339 199 4405 nuper
211 4326 247 4393 de
260 4328 394 4412 uulgari
407 4345 540 4395 sermone
554 4330 744 4414 scripserunt
757 4329 1036 4412 locupletissimam
1051 4347 1155 4393 rernm
