<?xml version="1.0" encoding="UTF-8"?>
<!DOCTYPE html PUBLIC "-//W3C//DTD XHTML 1.0 Transitional//EN"
    "http://www.w3.org/TR/xhtml1/DTD/xhtml1-transitional.dtd">
<html xmlns="http://www.w3.org/1999/xhtml" xml:lang="en" lang="en">
 <head>
  <title>
</title>
<meta http-equiv="Content-Type" content="text/html;charset=utf-8" />
  <meta name='ocr-system' content='tesseract 3.04.00' />
  <meta name='ocr-capabilities' content='ocr_page ocr_carea ocr_par ocr_line ocrx_word'/>
</head>
<body>
  <div class='ocr_page' id='page_1' title='image "./corpusscriptoru16wissgoog_0046.png"; bbox 0 0 3025 4967; ppageno 0'>
   <div class='ocr_carea' id='block_1_1' title="bbox 343 397 456 447">
    <p class='ocr_par' dir='ltr' id='par_1_1' title="bbox 343 397 456 447">
     <span class='ocr_line' id='line_1_1' title="bbox 343 397 456 447; baseline 0.018 -2"><span class='ocrx_word' id='word_1_1' title='bbox 343 397 456 447; x_wconf 83' lang='lat' dir='ltr'><strong>XXXIV</strong></span> 
     </span>
    </p>
   </div>
   <div class='ocr_carea' id='block_1_2' title="bbox 178 560 1483 1199">
    <p class='ocr_par' dir='ltr' id='par_1_2' title="bbox 178 560 1483 1199">
     <span class='ocr_line' id='line_1_2' title="bbox 343 560 1482 646; baseline 0.002 -23"><span class='ocrx_word' id='word_1_2' title='bbox 343 576 378 623; x_wconf 87' lang='lat' dir='ltr'>er</span> <span class='ocrx_word' id='word_1_3' title='bbox 394 578 454 625; x_wconf 92' lang='lat' dir='ltr'>uno</span> <span class='ocrx_word' id='word_1_4' title='bbox 480 560 599 625; x_wconf 89' lang='lat' dir='ltr'>scilicet</span> <span class='ocrx_word' id='word_1_5' title='bbox 624 560 726 625; x_wconf 87' lang='lat' dir='ltr'>codiee</span> <span class='ocrx_word' id='word_1_6' title='bbox 751 563 877 643; x_wconf 82' lang='lat' dir='ltr'>parente</span> <span class='ocrx_word' id='word_1_7' title='bbox 902 560 1137 626; x_wconf 76' lang='lat' dir='ltr'>descendentem</span> <span class='ocrx_word' id='word_1_8' title='bbox 1160 561 1214 646; x_wconf 86' lang='lat' dir='ltr'>(cf.</span> <span class='ocrx_word' id='word_1_9' title='bbox 1229 582 1260 645; x_wconf 89' lang='lat' dir='ltr'>p.</span> <span class='ocrx_word' id='word_1_10' title='bbox 1275 560 1395 646; x_wconf 84' lang='lat' dir='ltr'><strong>XXIX)</strong></span> <span class='ocrx_word' id='word_1_11' title='bbox 1422 562 1482 625; x_wconf 92' lang='lat' dir='ltr'>in-</span> 
     </span>
     <span class='ocr_line' id='line_1_3' title="bbox 342 670 1043 754; baseline 0 -19"><span class='ocrx_word' id='word_1_12' title='bbox 342 670 452 754; x_wconf 86' lang='lat' dir='ltr'>primis</span> <span class='ocrx_word' id='word_1_13' title='bbox 467 670 500 736; x_wconf 89' lang='lat' dir='ltr'>in</span> <span class='ocrx_word' id='word_1_14' title='bbox 515 672 658 753; x_wconf 80' lang='lat' dir='ltr'>epistulis</span> <span class='ocrx_word' id='word_1_15' title='bbox 674 672 722 737; x_wconf 92' lang='grc'>70.</span> <span class='ocrx_word' id='word_1_16' title='bbox 741 672 791 736; x_wconf 92' lang='grc'>71.</span> <span class='ocrx_word' id='word_1_17' title='bbox 809 672 860 737; x_wconf 92' lang='grc'>73.</span> <span class='ocrx_word' id='word_1_18' title='bbox 878 672 920 736; x_wconf 92' lang='grc'>74</span> <span class='ocrx_word' id='word_1_19' title='bbox 934 671 1043 737; x_wconf 93' lang='lat' dir='ltr'>uideri.</span> 
     </span>
     <span class='ocr_line' id='line_1_4' title="bbox 178 782 1483 866; baseline 0 -19"><span class='ocrx_word' id='word_1_20' title='bbox 178 806 334 849; x_wconf 62' lang='lat' dir='ltr'>censesne</span> <span class='ocrx_word' id='word_1_21' title='bbox 385 782 525 847; x_wconf 85' lang='lat' dir='ltr'>Alterius</span> <span class='ocrx_word' id='word_1_22' title='bbox 554 782 693 847; x_wconf 79' lang='lat' dir='ltr'>familiae</span> <span class='ocrx_word' id='word_1_23' title='bbox 723 782 841 848; x_wconf 87' lang='lat' dir='ltr'>cedices</span> <span class='ocrx_word' id='word_1_24' title='bbox 871 784 1057 849; x_wconf 89' lang='lat' dir='ltr'>uetustiores</span> <span class='ocrx_word' id='word_1_25' title='bbox 1087 784 1141 866; x_wconf 88' lang='lat' dir='ltr'>qui</span> <span class='ocrx_word' id='word_1_26' title='bbox 1170 784 1234 849; x_wconf 87' lang='lat' dir='ltr'>sint</span> <span class='ocrx_word' id='word_1_27' title='bbox 1259 786 1291 848; x_wconf 89' lang='lat' dir='ltr'>et</span> <span class='ocrx_word' id='word_1_28' title='bbox 1316 783 1483 866; x_wconf 82' lang='lat' dir='ltr'>quemodo</span> 
     </span>
     <span class='ocr_line' id='line_1_5' title="bbox 179 875 1479 979; baseline -0.001 -20"><span class='ocrx_word' id='word_1_29' title='bbox 179 875 333 919; x_wconf 51' lang='lat' dir='ltr'><strong>&#39;mmm&#39;</strong></span> <span class='ocrx_word' id='word_1_30' title='bbox 342 910 447 959; x_wconf 89' lang='lat' dir='ltr'>eorum</span> <span class='ocrx_word' id='word_1_31' title='bbox 463 894 603 978; x_wconf 69' lang='lat' dir='ltr'>cognato</span> <span class='ocrx_word' id='word_1_32' title='bbox 618 894 651 958; x_wconf 94' lang='lat' dir='ltr'>in</span> <span class='ocrx_word' id='word_1_33' title='bbox 666 912 764 958; x_wconf 88' lang='lat' dir='ltr'>unum</span> <span class='ocrx_word' id='word_1_34' title='bbox 779 894 980 978; x_wconf 76' lang='lat' dir='ltr'>archetypum</span> <span class='ocrx_word' id='word_1_35' title='bbox 995 898 1171 979; x_wconf 76' lang='lat' dir='ltr'>conuerget</span> <span class='ocrx_word' id='word_1_36' title='bbox 1187 895 1246 960; x_wconf 77' lang='lat' dir='ltr'>hac</span> <span class='ocrx_word' id='word_1_37' title='bbox 1261 894 1479 976; x_wconf 72' lang='lat' dir='ltr'>descriptione</span> 
     </span>
     <span class='ocr_line' id='line_1_6' title="bbox 342 1006 526 1091; baseline 0.005 -21"><span class='ocrx_word' id='word_1_38' title='bbox 342 1006 526 1091; x_wconf 79' lang='lat' dir='ltr'>explicetur:</span> 
     </span>
     <span class='ocr_line' id='line_1_7' title="bbox 557 1116 1161 1199; baseline 0.003 -18"><span class='ocrx_word' id='word_1_39' title='bbox 557 1122 560 1125; x_wconf 82' lang='grc'><strong>’</strong></span> <span class='ocrx_word' id='word_1_40' title='bbox 653 1116 850 1199; x_wconf 79' lang='lat' dir='ltr'>Archetypus</span> <span class='ocrx_word' id='word_1_41' title='bbox 872 1118 1001 1183; x_wconf 83' lang='lat' dir='ltr'>alterius</span> <span class='ocrx_word' id='word_1_42' title='bbox 1023 1118 1161 1183; x_wconf 80' lang='lat' dir='ltr'>familiae</span> 
     </span>
    </p>
   </div>
   <div class='ocr_carea' id='block_1_3' title="bbox 778 1369 930 1945">
    <p class='ocr_par' dir='ltr' id='par_1_3' title="bbox 778 1369 930 1945">
     <span class='ocr_line' id='line_1_8' title="bbox 778 1369 930 1725; baseline -0.27 0"><span class='ocrx_word' id='word_1_43' title='bbox 778 1369 806 1725; x_wconf 85' lang='lat' dir='ltr'>i</span> <span class='ocrx_word' id='word_1_44' title='bbox 927 1680 930 1684; x_wconf 14' lang='lat' dir='ltr'><em>J</em></span> 
     </span>
     <span class='ocr_line' id='line_1_9' title="bbox 788 1746 793 1945; baseline 0 0"><span class='ocrx_word' id='word_1_45' title='bbox 788 1746 793 1945; x_wconf 75' lang='lat' dir='ltr'>r</span> 
     </span>
    </p>
   </div>
   <div class='ocr_carea' id='block_1_4' title="bbox 686 1996 974 2043">
    <p class='ocr_par' dir='ltr' id='par_1_4' title="bbox 686 1996 974 2043">
     <span class='ocr_line' id='line_1_10' title="bbox 686 1996 974 2043; baseline 0.003 -1"><span class='ocrx_word' id='word_1_46' title='bbox 686 1996 704 2042; x_wconf 91' lang='grc'>0</span> <span class='ocrx_word' id='word_1_47' title='bbox 865 2002 892 2043; x_wconf 83' lang='grc' dir='ltr'><strong>ω</strong></span> <span class='ocrx_word' id='word_1_48' title='bbox 969 1996 974 2001; x_wconf 81' lang='grc'><em>’</em></span> 
     </span>
    </p>
   </div>
   <div class='ocr_carea' id='block_1_5' title="bbox 696 2107 700 2257">
    <p class='ocr_par' dir='ltr' id='par_1_5' title="bbox 696 2107 700 2257">
     <span class='ocr_line' id='line_1_11' title="bbox 696 2107 700 2257; baseline 0 0"><span class='ocrx_word' id='word_1_49' title='bbox 696 2107 700 2257; x_wconf 81' lang='lat'>1</span> 
     </span>
    </p>
   </div>
   <div class='ocr_carea' id='block_1_6' title="bbox 617 2268 1391 2373">
    <p class='ocr_par' dir='ltr' id='par_1_6' title="bbox 617 2268 1391 2373">
     <span class='ocr_line' id='line_1_12' title="bbox 617 2268 1391 2373; baseline 0 -24"><span class='ocrx_word' id='word_1_50' title='bbox 617 2268 838 2373; x_wconf 66' lang='grc' dir='ltr'><strong>ΓΠ(;-</strong></span> <span class='ocrx_word' id='word_1_51' title='bbox 850 2285 946 2349; x_wconf 89' lang='lat' dir='ltr'>editio</span> <span class='ocrx_word' id='word_1_52' title='bbox 957 2285 1112 2369; x_wconf 82' lang='lat' dir='ltr'>princeps)</span> <span class='ocrx_word' id='word_1_53' title='bbox 1249 2284 1391 2370; x_wconf 75' lang='lat' dir='ltr'>erpw</span> 
     </span>
    </p>
   </div>
   <div class='ocr_carea' id='block_1_7' title="bbox 1226 1253 1348 1610">
    <p class='ocr_par' dir='ltr' id='par_1_7' title="bbox 1226 1253 1348 1610">
     <span class='ocr_line' id='line_1_13' title="bbox 1226 1253 1348 1341; baseline 0.098 -13"><span class='ocrx_word' id='word_1_54' title='bbox 1226 1253 1348 1341; x_wconf 72' lang='lat' dir='ltr'>,ru</span> 
     </span>
     <span class='ocr_line' id='line_1_14' title="bbox 1306 1342 1333 1610; baseline 0 0"><span class='ocrx_word' id='word_1_55' title='bbox 1306 1342 1333 1610; x_wconf 85' lang='lat' dir='ltr'>l</span> 
     </span>
    </p>
   </div>
   <div class='ocr_carea' id='block_1_8' title="bbox 1294 1863 1426 2054">
    <p class='ocr_par' dir='ltr' id='par_1_8' title="bbox 1294 1863 1426 2054">
     <span class='ocr_line' id='line_1_15' title="bbox 1294 1863 1426 2054; baseline 0.015 -106"><span class='ocrx_word' id='word_1_56' title='bbox 1294 1863 1347 2054; x_wconf 53' lang='grc' dir='ltr'>(ἶ)</span> <span class='ocrx_word' id='word_1_57' title='bbox 1409 1868 1426 1928; x_wconf 79' lang='lat' dir='ltr'>t</span> 
     </span>
    </p>
   </div>
   <div class='ocr_carea' id='block_1_9' title="bbox 180 2422 1484 3503">
    <p class='ocr_par' dir='ltr' id='par_1_9' title="bbox 180 2422 1481 2728">
     <span class='ocr_line' id='line_1_16' title="bbox 180 2422 1480 2507; baseline -0.002 -16"><span class='ocrx_word' id='word_1_58' title='bbox 180 2423 464 2492; x_wconf 60' lang='lat' dir='ltr'>nomene-exstitit</span> <span class='ocrx_word' id='word_1_59' title='bbox 485 2424 584 2507; x_wconf 83' lang='lat' dir='ltr'>igitur</span> <span class='ocrx_word' id='word_1_60' title='bbox 604 2422 725 2489; x_wconf 80' lang='lat' dir='ltr'>saecule</span> <span class='ocrx_word' id='word_1_61' title='bbox 746 2424 856 2489; x_wconf 85' lang='lat' dir='ltr'>octeno</span> <span class='ocrx_word' id='word_1_62' title='bbox 876 2424 970 2489; x_wconf 84' lang='lat' dir='ltr'>codex</span> <span class='ocrx_word' id='word_1_63' title='bbox 989 2422 1105 2489; x_wconf 87' lang='lat' dir='ltr'>litteris</span> <span class='ocrx_word' id='word_1_64' title='bbox 1124 2423 1298 2488; x_wconf 84' lang='lat' dir='ltr'>uncialibus</span> <span class='ocrx_word' id='word_1_65' title='bbox 1314 2423 1480 2504; x_wconf 82' lang='lat' dir='ltr'>scriptura</span> 
     </span>
     <span class='ocr_line' id='line_1_17' title="bbox 221 2519 1481 2617; baseline -0.001 -19"><span class='ocrx_word' id='word_1_66' title='bbox 221 2519 294 2570; x_wconf 66' lang='lat'>‘¹⁹⁰⁸‘</span> <span class='ocrx_word' id='word_1_67' title='bbox 343 2534 489 2599; x_wconf 83' lang='lat' dir='ltr'>continua</span> <span class='ocrx_word' id='word_1_68' title='bbox 517 2536 668 2613; x_wconf 73' lang='lat' dir='ltr'>exaratus,</span> <span class='ocrx_word' id='word_1_69' title='bbox 706 2552 767 2617; x_wconf 86' lang='lat' dir='ltr'>quo</span> <span class='ocrx_word' id='word_1_70' title='bbox 796 2532 942 2617; x_wconf 76' lang='lat' dir='ltr'>Cypriani</span> <span class='ocrx_word' id='word_1_71' title='bbox 971 2533 1087 2616; x_wconf 86' lang='lat' dir='ltr'>scripta</span> <span class='ocrx_word' id='word_1_72' title='bbox 1116 2534 1351 2601; x_wconf 82' lang='lat' dir='ltr'>continebantur</span> <span class='ocrx_word' id='word_1_73' title='bbox 1379 2533 1481 2601; x_wconf 76' lang='lat' dir='ltr'>haec:</span> 
     </span>
     <span class='ocr_line' id='line_1_18' title="bbox 341 2644 1481 2728; baseline 0.002 -19"><span class='ocrx_word' id='word_1_74' title='bbox 341 2644 442 2710; x_wconf 91' lang='lat' dir='ltr'>libelli</span> <span class='ocrx_word' id='word_1_75' title='bbox 462 2644 488 2709; x_wconf 94' lang='lat' dir='ltr'><strong>I.</strong></span> <span class='ocrx_word' id='word_1_76' title='bbox 510 2645 565 2710; x_wconf 92' lang='lat' dir='ltr'><strong>IV.</strong></span> <span class='ocrx_word' id='word_1_77' title='bbox 588 2646 643 2709; x_wconf 92' lang='lat' dir='ltr'><strong>VI.</strong></span> <span class='ocrx_word' id='word_1_78' title='bbox 666 2646 737 2711; x_wconf 93' lang='lat' dir='ltr'><strong>VII.</strong></span> <span class='ocrx_word' id='word_1_79' title='bbox 763 2646 798 2712; x_wconf 88' lang='lat' dir='ltr'>V.</span> <span class='ocrx_word' id='word_1_80' title='bbox 820 2646 859 2711; x_wconf 87' lang='lat' dir='ltr'>X.</span> <span class='ocrx_word' id='word_1_81' title='bbox 878 2647 967 2711; x_wconf 88' lang='lat' dir='ltr'><strong>VIII.</strong></span> <span class='ocrx_word' id='word_1_82' title='bbox 983 2646 1039 2710; x_wconf 91' lang='lat' dir='ltr'><strong>XI.</strong></span> <span class='ocrx_word' id='word_1_83' title='bbox 1054 2645 1127 2711; x_wconf 86' lang='lat' dir='ltr'><strong>XII.</strong></span> <span class='ocrx_word' id='word_1_84' title='bbox 1143 2646 1232 2710; x_wconf 87' lang='lat' dir='ltr'><strong>XIII.</strong></span> <span class='ocrx_word' id='word_1_85' title='bbox 1248 2645 1303 2711; x_wconf 84' lang='lat' dir='ltr'><strong>IX</strong></span> <span class='ocrx_word' id='word_1_86' title='bbox 1319 2645 1380 2723; x_wconf 89' lang='lat' dir='ltr'><strong>III,</strong></span> <span class='ocrx_word' id='word_1_87' title='bbox 1403 2647 1481 2728; x_wconf 90' lang='lat' dir='ltr'>epi·</span> 
     </span>
    </p>

    <p class='ocr_par' dir='ltr' id='par_1_10' title="bbox 340 2756 1483 3064">
     <span class='ocr_line' id='line_1_19' title="bbox 340 2756 1479 2854; baseline 0.002 -31"><span class='ocrx_word' id='word_1_88' title='bbox 340 2757 443 2823; x_wconf 82' lang='lat' dir='ltr'>stulue</span> <span class='ocrx_word' id='word_1_89' title='bbox 464 2758 515 2824; x_wconf 88' lang='grc'>55.</span> <span class='ocrx_word' id='word_1_90' title='bbox 538 2759 589 2825; x_wconf 88' lang='grc'>63.</span> <span class='ocrx_word' id='word_1_91' title='bbox 611 2759 641 2823; x_wconf 92' lang='grc'>6.</span> <span class='ocrx_word' id='word_1_92' title='bbox 662 2758 714 2824; x_wconf 87' lang='grc'>58.</span> <span class='ocrx_word' id='word_1_93' title='bbox 739 2758 788 2824; x_wconf 92' lang='grc'>10.</span> <span class='ocrx_word' id='word_1_94' title='bbox 808 2758 860 2825; x_wconf 87' lang='grc'>28.</span> <span class='ocrx_word' id='word_1_95' title='bbox 883 2758 934 2825; x_wconf 86' lang='grc'>37.</span> <span class='ocrx_word' id='word_1_96' title='bbox 958 2758 1008 2823; x_wconf 94' lang='grc'>11.</span> <span class='ocrx_word' id='word_1_97' title='bbox 1028 2757 1079 2824; x_wconf 90' lang='lat'>38.</span> <span class='ocrx_word' id='word_1_98' title='bbox 1101 2758 1154 2837; x_wconf 87' lang='lat'>39,</span> <span class='ocrx_word' id='word_1_99' title='bbox 1180 2757 1281 2823; x_wconf 90' lang='lat' dir='ltr'>libelli</span> <span class='ocrx_word' id='word_1_100' title='bbox 1306 2756 1479 2854; x_wconf 80' lang='lat' dir='ltr'>subditicii</span> 
     </span>
     <span class='ocr_line' id='line_1_20' title="bbox 340 2867 1483 2951; baseline -0.001 -19"><span class='ocrx_word' id='word_1_101' title='bbox 340 2867 505 2933; x_wconf 80' lang='lat' dir='ltr'>Aduersus</span> <span class='ocrx_word' id='word_1_102' title='bbox 528 2868 662 2937; x_wconf 77' lang='lat' dir='ltr'>ledaeos</span> <span class='ocrx_word' id='word_1_103' title='bbox 684 2869 741 2951; x_wconf 77' lang='lat' dir='ltr'>qui</span> <span class='ocrx_word' id='word_1_104' title='bbox 761 2870 895 2935; x_wconf 77' lang='lat' dir='ltr'>insecuti</span> <span class='ocrx_word' id='word_1_105' title='bbox 916 2874 991 2934; x_wconf 77' lang='lat' dir='ltr'>scot</span> <span class='ocrx_word' id='word_1_106' title='bbox 1012 2869 1176 2933; x_wconf 79' lang='lat' dir='ltr'>domicum</span> <span class='ocrx_word' id='word_1_107' title='bbox 1198 2873 1342 2934; x_wconf 79' lang='lat' dir='ltr'>nestrum</span> <span class='ocrx_word' id='word_1_108' title='bbox 1364 2868 1483 2933; x_wconf 78' lang='lat' dir='ltr'>Iesum</span> 
     </span>
     <span class='ocr_line' id='line_1_21' title="bbox 341 2978 1482 3064; baseline 0.001 -20"><span class='ocrx_word' id='word_1_109' title='bbox 341 2978 515 3057; x_wconf 74' lang='lat' dir='ltr'>Christum,</span> <span class='ocrx_word' id='word_1_110' title='bbox 536 2978 586 3044; x_wconf 88' lang='lat' dir='ltr'>Dc</span> <span class='ocrx_word' id='word_1_111' title='bbox 606 2979 806 3061; x_wconf 80' lang='lat' dir='ltr'>electoribus,</span> <span class='ocrx_word' id='word_1_112' title='bbox 827 2979 878 3046; x_wconf 85' lang='lat' dir='ltr'>De</span> <span class='ocrx_word' id='word_1_113' title='bbox 893 2980 987 3045; x_wconf 75' lang='lat' dir='ltr'>leude</span> <span class='ocrx_word' id='word_1_114' title='bbox 999 2980 1162 3062; x_wconf 69' lang='lat' dir='ltr'>otenyrc&#39;i,</span> <span class='ocrx_word' id='word_1_115' title='bbox 1184 2979 1335 3064; x_wconf 81' lang='lat' dir='ltr'>epletulue</span> <span class='ocrx_word' id='word_1_116' title='bbox 1349 2980 1402 3044; x_wconf 90' lang='grc'>60.</span> <span class='ocrx_word' id='word_1_117' title='bbox 1418 2981 1482 3046; x_wconf 90' lang='grc'>57.</span> 
     </span>
    </p>

    <p class='ocr_par' dir='ltr' id='par_1_11' title="bbox 340 3090 1483 3159">
     <span class='ocr_line' id='line_1_22' title="bbox 340 3090 1483 3159; baseline -0.001 -2"><span class='ocrx_word' id='word_1_118' title='bbox 340 3092 392 3157; x_wconf 90' lang='grc'>59.</span> <span class='ocrx_word' id='word_1_119' title='bbox 413 3093 466 3159; x_wconf 86' lang='grc'>52.</span> <span class='ocrx_word' id='word_1_120' title='bbox 487 3090 539 3156; x_wconf 89' lang='grc'>47.</span> <span class='ocrx_word' id='word_1_121' title='bbox 555 3092 608 3157; x_wconf 87' lang='grc'>45.</span> <span class='ocrx_word' id='word_1_122' title='bbox 625 3091 678 3155; x_wconf 92' lang='grc'>44.</span> <span class='ocrx_word' id='word_1_123' title='bbox 693 3092 745 3156; x_wconf 90' lang='grc'>51.</span> <span class='ocrx_word' id='word_1_124' title='bbox 764 3093 814 3157; x_wconf 87' lang='grc'>13.</span> <span class='ocrx_word' id='word_1_125' title='bbox 829 3092 882 3157; x_wconf 84' lang='grc'>43.</span> <span class='ocrx_word' id='word_1_126' title='bbox 899 3092 950 3157; x_wconf 91' lang='grc'>65.</span> <span class='ocrx_word' id='word_1_127' title='bbox 968 3092 995 3156; x_wconf 96' lang='grc'>1.</span> <span class='ocrx_word' id='word_1_128' title='bbox 1011 3092 1062 3156; x_wconf 89' lang='grc'>61.</span> <span class='ocrx_word' id='word_1_129' title='bbox 1078 3091 1131 3155; x_wconf 89' lang='grc'>46.</span> <span class='ocrx_word' id='word_1_130' title='bbox 1147 3090 1198 3156; x_wconf 90' lang='grc'>54.</span> <span class='ocrx_word' id='word_1_131' title='bbox 1216 3091 1266 3156; x_wconf 95' lang='grc'>32.</span> <span class='ocrx_word' id='word_1_132' title='bbox 1282 3090 1334 3155; x_wconf 89' lang='grc'>20.</span> <span class='ocrx_word' id='word_1_133' title='bbox 1353 3090 1402 3154; x_wconf 89' lang='grc'>12.</span> <span class='ocrx_word' id='word_1_134' title='bbox 1421 3090 1483 3156; x_wconf 92' lang='grc'>78.</span> 
     </span>
    </p>

    <p class='ocr_par' dir='ltr' id='par_1_12' title="bbox 341 3200 1482 3290">
     <span class='ocr_line' id='line_1_23' title="bbox 341 3200 1482 3290; baseline -0.003 -22"><span class='ocrx_word' id='word_1_135' title='bbox 341 3202 479 3270; x_wconf 78' lang='lat' dir='ltr'>Scutcot.</span> <span class='ocrx_word' id='word_1_136' title='bbox 494 3203 707 3284; x_wconf 75' lang='lat' dir='ltr'>epIsccporem</span> <span class='ocrx_word' id='word_1_137' title='bbox 719 3201 776 3288; x_wconf 92' lang='lat'>(=</span> <span class='ocrx_word' id='word_1_138' title='bbox 787 3202 843 3267; x_wconf 90' lang='lat' dir='ltr'>lib.</span> <span class='ocrx_word' id='word_1_139' title='bbox 855 3201 957 3287; x_wconf 89' lang='lat' dir='ltr'><strong>XIV).</strong></span> <span class='ocrx_word' id='word_1_140' title='bbox 973 3203 1015 3268; x_wconf 88' lang='grc'>69</span> <span class='ocrx_word' id='word_1_141' title='bbox 1028 3203 1073 3290; x_wconf 91' lang='lat' dir='ltr'>(iu</span> <span class='ocrx_word' id='word_1_142' title='bbox 1087 3203 1162 3267; x_wconf 84' lang='lat' dir='ltr'>duas</span> <span class='ocrx_word' id='word_1_143' title='bbox 1177 3202 1328 3286; x_wconf 80' lang='lat' dir='ltr'>epistulas</span> <span class='ocrx_word' id='word_1_144' title='bbox 1343 3200 1482 3285; x_wconf 79' lang='lat' dir='ltr'>diuisa).</span> 
     </span>
    </p>

    <p class='ocr_par' dir='ltr' id='par_1_13' title="bbox 340 3312 1482 3397">
     <span class='ocr_line' id='line_1_24' title="bbox 340 3312 1482 3397; baseline -0.003 -16"><span class='ocrx_word' id='word_1_145' title='bbox 340 3315 393 3381; x_wconf 90' lang='grc'>67.</span> <span class='ocrx_word' id='word_1_146' title='bbox 415 3314 465 3380; x_wconf 89' lang='grc'>64.</span> <span class='ocrx_word' id='word_1_147' title='bbox 486 3316 516 3381; x_wconf 88' lang='grc'>2.</span> <span class='ocrx_word' id='word_1_148' title='bbox 532 3316 562 3381; x_wconf 88' lang='grc'>3.</span> <span class='ocrx_word' id='word_1_149' title='bbox 586 3314 636 3380; x_wconf 91' lang='grc'>72.</span> <span class='ocrx_word' id='word_1_150' title='bbox 659 3315 708 3381; x_wconf 89' lang='grc'>12.</span> <span class='ocrx_word' id='word_1_151' title='bbox 731 3314 798 3397; x_wconf 90' lang='grc'>[71.</span> <span class='ocrx_word' id='word_1_152' title='bbox 815 3314 866 3380; x_wconf 88' lang='grc'>73.</span> <span class='ocrx_word' id='word_1_153' title='bbox 884 3315 935 3378; x_wconf 90' lang='grc'>74.</span> <span class='ocrx_word' id='word_1_154' title='bbox 950 3315 1003 3381; x_wconf 92' lang='grc'>66.</span> <span class='ocrx_word' id='word_1_155' title='bbox 1018 3314 1070 3378; x_wconf 89' lang='grc'>40.</span> <span class='ocrx_word' id='word_1_156' title='bbox 1085 3313 1136 3379; x_wconf 94' lang='grc'>77.</span> <span class='ocrx_word' id='word_1_157' title='bbox 1153 3313 1204 3379; x_wconf 88' lang='grc'>79.</span> <span class='ocrx_word' id='word_1_158' title='bbox 1219 3314 1272 3380; x_wconf 87' lang='grc'>31.</span> <span class='ocrx_word' id='word_1_159' title='bbox 1287 3312 1396 3397; x_wconf 87' lang='grc'>36.]*)</span> <span class='ocrx_word' id='word_1_160' title='bbox 1420 3313 1482 3380; x_wconf 87' lang='grc'>75.</span> 
     </span>
    </p>

    <p class='ocr_par' dir='ltr' id='par_1_14' title="bbox 341 3422 1484 3503">
     <span class='ocr_line' id='line_1_25' title="bbox 341 3422 1484 3503; baseline -0.003 -11"><span class='ocrx_word' id='word_1_161' title='bbox 341 3426 393 3493; x_wconf 89' lang='grc'>53.</span> <span class='ocrx_word' id='word_1_162' title='bbox 417 3427 465 3493; x_wconf 94' lang='grc'>16.</span> <span class='ocrx_word' id='word_1_163' title='bbox 490 3426 539 3493; x_wconf 86' lang='lat'>15.</span> <span class='ocrx_word' id='word_1_164' title='bbox 563 3427 612 3493; x_wconf 92' lang='grc'>17.</span> <span class='ocrx_word' id='word_1_165' title='bbox 631 3428 680 3493; x_wconf 88' lang='lat'>18.</span> <span class='ocrx_word' id='word_1_166' title='bbox 698 3428 746 3492; x_wconf 92' lang='grc'>19.</span> <span class='ocrx_word' id='word_1_167' title='bbox 764 3428 815 3493; x_wconf 89' lang='grc'>26.</span> <span class='ocrx_word' id='word_1_168' title='bbox 832 3425 1065 3492; x_wconf 83' lang='grc'>2592956.</span> <span class='ocrx_word' id='word_1_169' title='bbox 1083 3425 1111 3489; x_wconf 95' lang='grc'>7.</span> <span class='ocrx_word' id='word_1_170' title='bbox 1128 3424 1179 3490; x_wconf 89' lang='grc'>76.</span> <span class='ocrx_word' id='word_1_171' title='bbox 1196 3424 1247 3503; x_wconf 88' lang='grc'>70,</span> <span class='ocrx_word' id='word_1_172' title='bbox 1274 3422 1364 3499; x_wconf 76' lang='lat' dir='ltr'>Quod</span> <span class='ocrx_word' id='word_1_173' title='bbox 1383 3423 1484 3490; x_wconf 76' lang='lat' dir='ltr'>idola</span> 
     </span>
    </p>
   </div>
   <div class='ocr_carea' id='block_1_10' title="bbox 337 3644 1488 4316">
    <p class='ocr_par' dir='ltr' id='par_1_15' title="bbox 337 3644 1488 4316">
     <span class='ocr_line' id='line_1_26' title="bbox 378 3644 1484 3716; baseline 0.004 -17"><span class='ocrx_word' id='word_1_174' title='bbox 378 3645 403 3715; x_wconf 74' lang='lat' dir='ltr'>*l</span> <span class='ocrx_word' id='word_1_175' title='bbox 415 3644 498 3701; x_wconf 86' lang='lat' dir='ltr'>Index</span> <span class='ocrx_word' id='word_1_176' title='bbox 518 3646 679 3716; x_wconf 83' lang='lat' dir='ltr'>scriptorum</span> <span class='ocrx_word' id='word_1_177' title='bbox 701 3646 790 3702; x_wconf 87' lang='lat' dir='ltr'>codice</span> <span class='ocrx_word' id='word_1_178' title='bbox 800 3646 952 3701; x_wconf 76' lang='lat' dir='ltr'>Monacensi</span> <span class='ocrx_word' id='word_1_179' title='bbox 969 3646 1018 3716; x_wconf 85' lang='grc'>(11)</span> <span class='ocrx_word' id='word_1_180' title='bbox 1036 3648 1160 3701; x_wconf 77' lang='lat' dir='ltr'>seruetur</span> <span class='ocrx_word' id='word_1_181' title='bbox 1180 3646 1231 3701; x_wconf 73' lang='lat' dir='ltr'>hes</span> <span class='ocrx_word' id='word_1_182' title='bbox 1250 3646 1381 3716; x_wconf 75' lang='lat' dir='ltr'>epistulm</span> <span class='ocrx_word' id='word_1_183' title='bbox 1400 3647 1484 3703; x_wconf 82' lang='lat' dir='ltr'>Inter</span> 
     </span>
     <span class='ocr_line' id='line_1_27' title="bbox 337 3732 1484 3807; baseline 0.003 -21"><span class='ocrx_word' id='word_1_184' title='bbox 337 3732 510 3807; x_wconf 79' lang='lat' dir='ltr'>purentheeie</span> <span class='ocrx_word' id='word_1_185' title='bbox 531 3736 623 3787; x_wconf 78' lang='lat' dir='ltr'>notem</span> <span class='ocrx_word' id='word_1_186' title='bbox 641 3734 768 3799; x_wconf 80' lang='lat' dir='ltr'>Inclusus,</span> <span class='ocrx_word' id='word_1_187' title='bbox 791 3748 858 3802; x_wconf 78' lang='lat' dir='ltr'>quoe</span> <span class='ocrx_word' id='word_1_188' title='bbox 874 3749 907 3787; x_wconf 85' lang='lat' dir='ltr'>ex</span> <span class='ocrx_word' id='word_1_189' title='bbox 924 3733 1068 3802; x_wconf 78' lang='lat' dir='ltr'>archetypo</span> <span class='ocrx_word' id='word_1_190' title='bbox 1085 3734 1160 3801; x_wconf 79' lang='lat' dir='ltr'>prius</span> <span class='ocrx_word' id='word_1_191' title='bbox 1177 3732 1373 3787; x_wconf 84' lang='lat' dir='ltr'>Intercideruut</span> <span class='ocrx_word' id='word_1_192' title='bbox 1390 3748 1484 3801; x_wconf 80' lang='lat' dir='ltr'>quam</span> 
     </span>
     <span class='ocr_line' id='line_1_28' title="bbox 341 3815 1488 3892; baseline 0.005 -21"><span class='ocrx_word' id='word_1_193' title='bbox 341 3817 508 3872; x_wconf 73' lang='lat' dir='ltr'>Monacensis</span> <span class='ocrx_word' id='word_1_194' title='bbox 517 3820 546 3871; x_wconf 86' lang='lat' dir='ltr'>et</span> <span class='ocrx_word' id='word_1_195' title='bbox 554 3820 692 3874; x_wconf 77' lang='lat' dir='ltr'>Trecensis</span> <span class='ocrx_word' id='word_1_196' title='bbox 702 3818 746 3888; x_wconf 77' lang='lat' dir='ltr'>(Q)</span> <span class='ocrx_word' id='word_1_197' title='bbox 756 3818 836 3873; x_wconf 84' lang='lat' dir='ltr'>codex</span> <span class='ocrx_word' id='word_1_198' title='bbox 843 3834 939 3888; x_wconf 78' lang='lat' dir='ltr'>perone</span> <span class='ocrx_word' id='word_1_199' title='bbox 948 3818 1008 3892; x_wconf 82' lang='lat' dir='ltr'>(X)</span> <span class='ocrx_word' id='word_1_200' title='bbox 1016 3818 1166 3887; x_wconf 76' lang='lat' dir='ltr'>descriptus</span> <span class='ocrx_word' id='word_1_201' title='bbox 1175 3820 1224 3884; x_wconf 71' lang='lat' dir='ltr'>est,</span> <span class='ocrx_word' id='word_1_202' title='bbox 1235 3818 1277 3871; x_wconf 77' lang='lat' dir='ltr'>Ite</span> <span class='ocrx_word' id='word_1_203' title='bbox 1285 3815 1387 3873; x_wconf 82' lang='lat' dir='ltr'>edient:</span> <span class='ocrx_word' id='word_1_204' title='bbox 1398 3818 1488 3877; x_wconf 84' lang='lat' dir='ltr'><strong>LVI</strong></span> 
     </span>
     <span class='ocr_line' id='line_1_29' title="bbox 341 3902 1482 3973; baseline 0.001 -17"><span class='ocrx_word' id='word_1_205' title='bbox 341 3902 389 3957; x_wconf 74' lang='lat' dir='ltr'>Aa</span> <span class='ocrx_word' id='word_1_206' title='bbox 402 3902 543 3971; x_wconf 76' lang='lat' dir='ltr'>Quintum.</span> <span class='ocrx_word' id='word_1_207' title='bbox 556 3904 651 3959; x_wconf 85' lang='lat' dir='ltr'><strong>LVII</strong></span> <span class='ocrx_word' id='word_1_208' title='bbox 657 3904 704 3958; x_wconf 80' lang='lat' dir='ltr'>Ad</span> <span class='ocrx_word' id='word_1_209' title='bbox 716 3904 894 3959; x_wconf 70' lang='lat' dir='ltr'>locatam</span> <span class='ocrx_word' id='word_1_210' title='bbox 908 3904 1021 3959; x_wconf 80' lang='lat' dir='ltr'><strong>LVIII</strong></span> <span class='ocrx_word' id='word_1_211' title='bbox 1028 3904 1076 3960; x_wconf 74' lang='lat' dir='ltr'>Ac</span> <span class='ocrx_word' id='word_1_212' title='bbox 1085 3904 1248 3973; x_wconf 74' lang='lat' dir='ltr'>Pompeium</span> <span class='ocrx_word' id='word_1_213' title='bbox 1259 3909 1358 3959; x_wconf 77' lang='lat' dir='ltr'>contm</span> <span class='ocrx_word' id='word_1_214' title='bbox 1369 3904 1482 3971; x_wconf 75' lang='lat' dir='ltr'>episto-</span> 
     </span>
     <span class='ocr_line' id='line_1_30' title="bbox 340 3987 1484 4060; baseline 0.006 -18"><span class='ocrx_word' id='word_1_215' title='bbox 340 3988 398 4042; x_wconf 82' lang='lat' dir='ltr'>lem</span> <span class='ocrx_word' id='word_1_216' title='bbox 418 3987 558 4057; x_wconf 76' lang='lat' dir='ltr'>Stephani.</span> <span class='ocrx_word' id='word_1_217' title='bbox 583 3989 715 4045; x_wconf 83' lang='lat' dir='ltr'><strong>LVIIII</strong></span> <span class='ocrx_word' id='word_1_218' title='bbox 730 3989 778 4043; x_wconf 75' lang='lat' dir='ltr'>Aa</span> <span class='ocrx_word' id='word_1_219' title='bbox 797 3989 972 4045; x_wconf 56' lang='lat' dir='ltr'>Ilerdam</span> <span class='ocrx_word' id='word_1_220' title='bbox 993 4006 1073 4060; x_wconf 73' lang='lat' dir='ltr'>quem</span> <span class='ocrx_word' id='word_1_221' title='bbox 1092 3996 1120 4045; x_wconf 83' lang='lat' dir='ltr'>ct</span> <span class='ocrx_word' id='word_1_222' title='bbox 1138 3990 1328 4059; x_wconf 65' lang='lat' dir='ltr'>Puppienum</span> <span class='ocrx_word' id='word_1_223' title='bbox 1350 3990 1409 4044; x_wconf 86' lang='lat' dir='ltr'>LX</span> <span class='ocrx_word' id='word_1_224' title='bbox 1428 3991 1484 4049; x_wconf 78' lang='lat' dir='ltr'>De</span> 
     </span>
     <span class='ocr_line' id='line_1_31' title="bbox 341 4072 1482 4146; baseline 0.003 -17"><span class='ocrx_word' id='word_1_225' title='bbox 341 4072 491 4129; x_wconf 73' lang='lat' dir='ltr'>Nmrtdtco</span> <span class='ocrx_word' id='word_1_226' title='bbox 503 4075 659 4141; x_wconf 76' lang='lat' dir='ltr'>confessore.</span> <span class='ocrx_word' id='word_1_227' title='bbox 681 4074 760 4129; x_wconf 84' lang='lat' dir='ltr'><strong>LXI</strong></span> <span class='ocrx_word' id='word_1_228' title='bbox 769 4076 949 4130; x_wconf 63' lang='lat' dir='ltr'>Neretum</span> <span class='ocrx_word' id='word_1_229' title='bbox 959 4074 1085 4131; x_wconf 70' lang='lat' dir='ltr'>Dacicus</span> <span class='ocrx_word' id='word_1_230' title='bbox 1095 4074 1180 4129; x_wconf 67' lang='lat' dir='ltr'>Felte</span> <span class='ocrx_word' id='word_1_231' title='bbox 1196 4075 1289 4131; x_wconf 76' lang='lat' dir='ltr'>Victor</span> <span class='ocrx_word' id='word_1_232' title='bbox 1298 4075 1338 4131; x_wconf 81' lang='lat' dir='ltr'>ed</span> <span class='ocrx_word' id='word_1_233' title='bbox 1354 4076 1482 4146; x_wconf 62' lang='lat' dir='ltr'>copm-</span> 
     </span>
     <span class='ocr_line' id='line_1_32' title="bbox 341 4158 1484 4231; baseline 0.006 -19"><span class='ocrx_word' id='word_1_234' title='bbox 341 4174 416 4212; x_wconf 71' lang='lat' dir='ltr'>meoe</span> <span class='ocrx_word' id='word_1_235' title='bbox 435 4158 531 4215; x_wconf 85' lang='lat' dir='ltr'><strong>LXII</strong></span> <span class='ocrx_word' id='word_1_236' title='bbox 537 4160 621 4215; x_wconf 73' lang='lat' dir='ltr'>Felix</span> <span class='ocrx_word' id='word_1_237' title='bbox 638 4177 699 4216; x_wconf 75' lang='lat' dir='ltr'>cum</span> <span class='ocrx_word' id='word_1_238' title='bbox 715 4161 775 4217; x_wconf 72' lang='lat' dir='ltr'>ecee</span> <span class='ocrx_word' id='word_1_239' title='bbox 790 4160 830 4215; x_wconf 79' lang='lat' dir='ltr'>ed</span> <span class='ocrx_word' id='word_1_240' title='bbox 844 4160 1022 4231; x_wconf 69' lang='lat' dir='ltr'>Cypriam</span> <span class='ocrx_word' id='word_1_241' title='bbox 1040 4161 1157 4216; x_wconf 79' lang='lat' dir='ltr'><strong>LXIII</strong></span> <span class='ocrx_word' id='word_1_242' title='bbox 1164 4162 1275 4231; x_wconf 69' lang='lat' dir='ltr'>Moyses</span> <span class='ocrx_word' id='word_1_243' title='bbox 1290 4162 1484 4219; x_wconf 68' lang='lat' dir='ltr'>dileximus</span> 
     </span>
     <span class='ocr_line' id='line_1_33' title="bbox 337 4227 1482 4316; baseline 0.005 -17"><span class='ocrx_word' id='word_1_244' title='bbox 337 4227 441 4312; x_wconf 47' lang='lat' dir='ltr'>prod</span> <span class='ocrx_word' id='word_1_245' title='bbox 460 4252 487 4300; x_wconf 66' lang='lat' dir='ltr'>et</span> <span class='ocrx_word' id='word_1_246' title='bbox 509 4233 579 4311; x_wconf 66' lang='lat' dir='ltr'>conr</span> <span class='ocrx_word' id='word_1_247' title='bbox 596 4246 635 4301; x_wconf 73' lang='lat' dir='ltr'>ae</span> <span class='ocrx_word' id='word_1_248' title='bbox 655 4246 832 4316; x_wconf 51' lang='lat' dir='ltr'>ocymum.</span> <span class='ocrx_word' id='word_1_249' title='bbox 854 4246 962 4301; x_wconf 81' lang='lat' dir='ltr'>nxrr</span> <span class='ocrx_word' id='word_1_250' title='bbox 979 4230 1060 4315; x_wconf 56' lang='lat' dir='ltr'><em>ff</em></span> <span class='ocrx_word' id='word_1_251' title='bbox 1079 4253 1107 4303; x_wconf 68' lang='grc' dir='ltr'>ιι</span> <span class='ocrx_word' id='word_1_252' title='bbox 1126 4233 1195 4304; x_wconf 65' lang='grc' dir='ltr'>7ῑαὶ</span> <span class='ocrx_word' id='word_1_253' title='bbox 1212 4248 1290 4303; x_wconf 68' lang='lat' dir='ltr'>erue</span> <span class='ocrx_word' id='word_1_254' title='bbox 1312 4231 1421 4304; x_wconf 59' lang='lat' dir='ltr'>rest?</span> <span class='ocrx_word' id='word_1_255' title='bbox 1435 4251 1482 4305; x_wconf 75' lang='lat' dir='ltr'>ae</span> 
     </span>
    </p>
   </div>
   <div class='ocr_carea' id='block_1_11' title="bbox 0 0 1518 4967">
    <p class='ocr_par' dir='ltr' id='par_1_16' title="bbox 0 0 1518 4967">
     <span class='ocr_line' id='line_1_34' title="bbox 0 0 1518 4967; baseline 0 2"><span class='ocrx_word' id='word_1_256' title='bbox 0 0 1518 4967; x_wconf 95' lang='lat' dir='ltr'> </span> 
     </span>
    </p>
   </div>
  </div>
 </body>
</html>
