3025 4967
448 391 609 461 Epistula
631 390 931 445 XVIII-XVIIII.
1186 392 1251 459 525

359 663 743 777 EPISTVLA
780 664 1029 775 XVIIII.

100 834 102 839 Ι
182 868 385 925 cruciarius
402 869 642 925 PRESBYI'IIRIS
660 869 705 925 ΕΤ
723 868 942 925 DIACONIBVS
960 867 1160 923 sexuumve
1178 867 1203 922 S.

171 1059 248 1147 Legi
256 1060 377 1127 IItteras
386 1061 515 1139 uestras,
528 1061 638 1125 fratres
650 1060 813 1139 carissimi,
824 1059 936 1143 quibus
948 1060 1117 1144 scripsistis
1128 1059 1277 1125 salubrel

129 1163 295 1231 consilium
321 1165 461 1229 nestum
488 1181 547 1229 non
577 1162 682 1231 deesse
700 1164 859 1235 ,frutribus
879 1164 1003 1243 nostris,
1031 1166 1066 1228 ut
1087 1163 1254 1231 temeraria

105 1266 326 1333 efestinotime
353 1266 492 1349 deposita
517 1266 697 1351 religiosam
722 1267 906 1350 patientiam
927 1268 992 1332 Deo
1012 1266 1189 1349 praebeant,
1216 1266 1254 1331 ut

128 1369 250 1453 qnando
264 1368 298 1435 in
312 1388 409 1434 unum
423 1388 478 1451 per
491 1369 557 1435 eius
578 1370 822 1437 misericordiam
843 1370 1029 1449 uenerimus,
1052 1369 1090 1435 de
1110 1368 1254 1435 omnibns

128 1471 289 1557 speciebus
299 1472 472 1537 secundum
487 1473 727 1539 ecclesiasticam
739 1474 934 1555 disciplinam
945 1473 1078 1539 tooure
1088 1472 1253 1554 possimus,

129 1576 266 1641 maxime
293 1594 364 1641 cnm
391 1575 543 1659 scriptum
565 1576 626 1642 sit:
654 1578 842 1642 memento
870 1577 968 1640 unde
997 1574 1189 1641 cecideris
1216 1576 1255 1639 et

131 1697 202 1763 age
223 1678 517 1760 paenitentiam.
539 1678 764 1761 paenitentiam
786 1680 891 1744 antem
913 1678 968 1743 ille
989 1678 1056 1762 agit
1078 1677 1132 1759 qui
1154 1674 1255 1742 diuini

94 1802 122 1841 10
130 1781 286 1863 praecepti
316 1799 435 1847 memor
462 1781 549 1847 mitis
571 1782 602 1847 et
623 1782 744 1864 petlens
767 1783 799 1846 et
821 1781 1032 1847 sacerdotibus
1053 1780 1111 1845 Dei
1133 1778 1255 1844 obtem·

129 1900 241 1965 perans
270 1881 424 1966 obsequiis
446 1884 511 1951 suis
533 1886 565 1951 et
586 1884 727 1968 operibns
748 1884 842 1950 iustis
863 1884 1031 1949 Dominum
1052 1882 1255 1967 promeretur.

175 1982 327 2065 Quoniam
348 1989 453 2053 tamen
475 1987 673 2073 significastis
695 1987 844 2070 quosdam
865 1986 1073 2052 inmoderatos
1088 2003 1154 2051 esse
1169 1986 1201 2049 et
1216 1982 1286 2048 adt

132 2088 443 2154 communicationem
463 2090 672 2174 accipiendam
693 2090 875 2155 festinanter
889 2107 1030 2173 urguere,
1049 2089 1081 2155 et
1101 2086 1256 2153 desidera·

134 2190 193 2255 stis
214 2190 248 2257 in
268 2190 348 2257 hunc
377 2211 444 2258 rem
471 2192 604 2259 formem
631 2192 719 2259 uobis
741 2212 760 2258 a
782 2212 832 2257 me
853 2192 929 2270 dari,
953 2192 1029 2257 satis
1051 2190 1140 2275 pleno
1161 2189 1257 2271 scrip·

97 2293 214 2359 recisse
235 2312 284 2359 me
306 2295 346 2361 ad
360 2294 438 2361 hano
458 2314 525 2360 rem
545 2295 693 2379 proximis
715 2295 830 2361 littoris
850 2295 891 2361 ad
910 2313 965 2360 uos
987 2294 1077 2359 factis
1099 2292 1198 2371 credo,
1220 2292 1259 2355 ut

135 2398 191 2481 qui
217 2397 361 2463 libellum
382 2417 401 2463 a
422 2399 612 2483 martyribus
640 2400 821 2482 acceperunt
843 2399 875 2464 et
896 2398 1012 2463 auxilio
1040 2414 1146 2462 eorum
1167 2394 1257 2459 adiu-

134 2500 205 2565 uari
232 2500 313 2584 apud
334 2500 503 2567 Dominum
529 2501 562 2565 in
584 2500 705 2567 delictis
734 2501 799 2567 suis
825 2502 963 2584 possunt,
992 2499 1019 2563 si
1045 2498 1145 2581 premi
1171 2495 1259 2561 infir·

134 2603 247 2669 mitate
269 2603 373 2686 alique
395 2605 427 2669 et
447 2603 582 2686 periculo
604 2604 768 2687 coeperint,
790 2602 994 2686 exomologesi
1015 2600 1098 2666 lacta
1117 2599 1149 2664 et
1163 2617 1259 2665 manu

134 2706 181 2771 eis
202 2724 221 2771 a
242 2706 330 2771 uobis
358 2706 392 2770 in
417 2705 639 2790 paenitentiam
666 2707 800 2789 Inposita
827 2725 896 2771 oum
925 2723 1000 2790 pace
1027 2701 1258 2786 amertyrib'us

99 2808 200 2875 resibi
226 2809 379 2892 premissa
400 2808 439 2874 od
461 2809 630 2875 Dominum
651 2809 862 2875 remittantur.
886 2808 980 2873 ceteri
1002 2824 1074 2873 uero
1097 2804 1151 2887 qui
1171 2804 1260 2868 nullo

239 3048 352 3118 espec.
370 3048 397 3117 a,
415 3048 439 3104 e.

169 3271 409 3342 opscurum.
428 3300 461 3311 -
478 3271 579 3341 Incipit
601 3271 631 3325 in
653 3287 707 3340 qua
728 3271 851 3327 rescrIbit
876 3273 928 3339 (res
951 3271 1060 3340 scripsit
1079 3270 1113 3334 Τ)
1137 3269 1206 3323 clero
1227 3267 1263 3322 de

134 3361 180 3415 his
198 3360 246 3429 qui
263 3358 297 3413 ad
313 3374 405 3429 pacem
423 3358 555 3413 festinent
572 3356 677 3427 Eone,
703 3373 752 3413 om.
773 3377 801 3411 ω.
821 3386 854 3407 ψ·
871 3357 888 3411 2
906 3356 1070 3425 diaconibus]
1089 3338 1134 3409 (Iis
1146 3353 1169 3424 Q

134 3444 303 3515 5dispocita
314 3444 415 3515 E¹QT
480 3446 511 3498 ut
528 3460 577 3499 orn.
591 3442 683 3515 Ε’ρω
760 3441 912 3513 liquando]
930 3458 1023 3497 cumo
1091 3442 1148 3495 eius
1166 3455 1216 3494 oca
1229 3459 1259 3505 ω,

135 3531 194 3585 eius
211 3532 287 3587 iul*
362 3530 511 3585 uenircmns
531 3530 583 3601 QT
656 3530 852 3585 Smementou
872 3530 898 3583 T
971 3527 1047 3583 ecre
1067 3528 1093 3582 Τ
1158 3523 1261 3578 diuinis

134 3616 285 3687 praeceptis
308 3616 366 3671 Εἰ)
459 3616 494 3670 10
517 3631 617 3670 memor
639 3630 689 3671 om.
714 3614 831 3685 EQTocr
922 3612 1194 3683 obtemperantiasl'

137 3702 174 3759 11
191 3685 326 3772 sumo
344 3684 419 3769 (effi
429 3702 474 3769 rr)
544 3702 577 3756 12
595 3700 722 3771 quosnam
792 3698 948 3754 cerrenus
965 3715 1015 3753 en.
1038 3718 1059 3751 ω
1127 3697 1155 3750 ee
1172 3694 1261 3762 mor,

135 3813 163 3842 u
181 3786 262 3859 adQ,
280 3786 378 3854 adEo,
396 3789 515 3856 etTcro3
533 3788 569 3855 of.
588 3803 628 3857 ep.
647 3789 682 3843 55
700 3788 760 3842 cd
829 3786 862 3840 13
879 3782 1102 3839 desideratiTti
1119 3784 1153 3837 e'n
1169 3797 1225 3837 roc.

136 3875 172 3928 14
189 3874 239 3928 hac
257 3889 318 3928 rec
392 3872 559 3927 formandam
576 3872 607 3927 Ε
675 3887 751 3927 ome
768 3872 879 3928 nobiso
953 3870 1021 3923 satis
1038 3868 1149 3939 mom,
1167 3867 1262 3921 sciatis

135 3957 238 4028 Εφω,
257 3959 289 4011 ut
307 3958 432 4013 sciatiw
512 3956 545 4011 15
563 3956 597 4011 ad
614 3973 662 4012 nos
680 3972 730 4011 om.
749 3976 771 4010 ω
848 3956 936 4011 iactis.
956 3954 1040 4011 Credo
1056 3955 1098 4009 ito
1115 3953 1262 4025 dratinpuc't

135 4043 208 4115 EoQ
226 4029 317 4113 (fa'c'tis
334 4044 411 4098 credo
428 4042 475 4113 M)
563 4043 596 4098 18
613 4042 705 4111 aliqua
721 4042 914 4096 infirmitateo
999 4040 1209 4109 exhomolegisin
1228 4038 1260 4109 Q,

135 4129 351 4199 exhomologesin
370 4129 439 4184 ΕΤο
508 4129 542 4183 19
565 4128 683 4199 inposita
700 4144 716 4182 a
733 4127 809 4182 uobis
826 4128 856 4181 iu
872 4123 1100 4198 poenitentiamo
1167 4124 1261 4194 poeni·

134 4214 272 4271 tenticT
352 4213 467 4284 ausiti]
486 4212 510 4269 si
531 4216 557 4270 T
617 4213 742 4278 adom.
761 4213 861 4285 E'QI'
943 4211 1148 4267 remittenturo
1231 4208 1261 4263 iu

135 4300 247 4355 uulloo
