3025 4967
253 342 317 405 512
651 341 796 397 Caecilii
814 344 972 411 ilfpriani

251 514 381 576 uriarum
398 498 570 579 exemplum
587 500 625 563 ad
641 518 696 563 uos
711 500 881 565 cramoisi.
902 500 1031 584 legetis:
1051 502 1146 563 simul
1162 502 1237 581 quid
1250 501 1295 564 eis
1310 519 1369 583 ego

250 598 388 663 breuiter
401 600 525 664 interim
541 602 759 683 rescripserim,
774 601 828 665 sed
843 613 874 664 et
889 604 995 683 quales
1009 613 1115 683 postea
1130 605 1170 666 ad
1182 604 1298 667 clcmm
1314 604 1370 666 lit-

250 702 333 765 teras
349 702 469 766 scccrim
487 715 521 767 ut
537 705 614 769 scire
628 706 769 785 possetis.
789 705 886 768 huius
897 724 1016 786 qusque
1032 707 1077 769 rei
1092 707 1267 786 exemplum
1283 706 1371 769 uobis

250 804 332 867 misi.
354 807 434 885 qud
449 808 474 869 si
491 808 573 869 ultra
593 808 752 871 temeritas
774 826 879 870 eorum
895 828 950 871 ncc
965 810 1042 872 meis
1058 828 1112 871 nec
1128 811 1239 872 uestris
1254 810 1371 872 litteris

250 924 408 987 conpressa
429 909 523 973 fucrit
539 930 593 974 nec
608 912 744 975 consiliis
761 912 937 974 salubribus
951 914 1221 994 optemperauerit.
1244 932 1392 995 agemuss

250 1030 285 1074 ca
306 1031 383 1092 quae
405 1014 572 1076 secundum
597 1015 795 1096 euangelium
820 1014 971 1077 Dominus
993 1035 1086 1099 agere
1107 1016 1272 1096 praecepit.
1299 1023 1372 1096 opto

250 1132 313 1191 uss,
329 1115 439 1180 iratres
455 1117 617 1197 carissimi,
633 1135 753 1198 semper
769 1119 845 1181 bene
860 1119 972 1181 ualere.
988 1120 1099 1181 ualete.

477 1406 863 1517 EPISTVLA
896 1408 1151 1519 XXXVI.

250 1607 431 1663 cremasti
461 1610 592 1663 PAPATI
621 1610 841 1665 PRESBYTEBI
867 1612 912 1664 El*
937 1612 1114 1667 unacum
1143 1612 1264 1665 Rosiae:
1289 1611 1374 1667 CON-

696 1697 884 1751 SISTENTES
903 1697 929 1753 R
1382 1716 1407 1752 rc

225 1908 237 1969 1
295 1900 370 1967 Cum
387 1902 633 1987 perlegissemus,
656 1904 765 1980 irater,
786 1904 908 1969 litteras
922 1907 992 1968 tuas
1007 1924 1083 1985 quas
1098 1923 1153 1985 per
1165 1903 1373 1965 Fortunatam

251 2007 496 2089 hypodiaconum
518 2009 657 2086 wiseraa,
677 2010 800 2091 gemino
816 2028 923 2072 sumus
938 2009 1041 2072 dolore
1056 2007 1191 2089 percussi
1207 2008 1239 2069 et
1254 2005 1373 2086 duplici

251 2128 388 2174 maerore
409 2111 536 2193 confusi,
559 2112 639 2192 quod
659 2130 756 2192 neque
778 2111 837 2175 tibi
857 2113 977 2193 requies
992 2112 1057 2174 ulla
1071 2112 1104 2174 in
1119 2109 1215 2173 tantis
1230 2127 1373 2189 persecu·

249 2213 343 2277 tionis
364 2214 596 2278 necessitatibus
612 2214 785 2278 traderetur
808 2216 839 2279 et
854 2214 1011 2295 lapsomm
1030 2213 1166 2277 fratrum
1180 2212 1371 2275 inmoderata

250 2315 422 2397 petulantia
436 2335 532 2397 usque
547 2316 585 2379 ad
602 2316 804 2397 periculosam
818 2318 983 2381 uerborum
997 2316 1204 2380 temeritatem
1220 2314 1401 2395 productas

251 2416 455 2482 denotaretur.
472 2420 524 2482 sed
540 2437 727 2499 quamquam
738 2437 793 2483 nos
805 2423 898 2501 atque
913 2420 1053 2485 animum
1068 2420 1208 2482 nostrum
1219 2419 1281 2481 ista
1291 2436 1370 2497 quae

251 2518 386 2583 diximus
403 2521 540 2603 grauiter
554 2520 746 2603 adfligerent,
769 2523 872 2585 tanum
887 2522 1034 2586 maeroris
1048 2520 1146 2584 nostri
1161 2522 1227 2583 tam
1242 2538 1371 2601 grauem

250 2622 403 2687 sarcinam
426 2624 515 2707 uigor
537 2624 610 2688 tuus
626 2626 657 2687 et
672 2624 840 2689 secundum
863 2626 1075 2709 euangelicam
1097 2623 1294 2705 disciplinam
1316 2622 1371 2685 ad·

302 2872 472 2941 lquorump
570 2871 604 2927 ad
616 2888 664 2925 uos
682 2888 732 2925 ocu.
745 2876 778 2940 μ’
875 2872 1074 2925 transmisimus
1086 2888 1119 2934 w,
1135 2868 1303 2923 transmissis
1315 2888 1339 2937 φ

250 2957 383 3025 simulque
396 2974 435 3025 φυ
530 2974 578 3026 ego
591 2958 658 3013 eisc
753 2958 910 3030 2brouiter]
923 2958 1071 3026 libenterc
1159 2956 1269 3010 iutemm
1280 2954 1371 3023 resen]

250 3042 428 3097 intellexerim
441 3042 591 3112 scripserim
603 3062 627 3097 sc
704 3044 783 3112 quale
795 3061 820 3097 w
898 3044 1003 3097 4misi·
1019 3046 1048 3107 Τ,
1060 3059 1110 3095 ocra
1123 3044 1156 3110 μ’
1225 3040 1295 3109 quod
1308 3040 1332 3092 si
1344 3060 1372 3107 μ.

249 3128 273 3181 si
285 3145 341 3195 ccc,
353 3145 402 3183 ocu.
418 3131 444 3182 Τ
520 3133 548 3183 te
558 3130 656 3183 merita
669 3150 698 3197 φ,
712 3130 843 3183 demerita
854 3148 879 3183 w
957 3131 1078 3199 {opressa
1090 3127 1175 3181 fuerit
1186 3147 1215 3195 μ,
1227 3125 1373 3194 compressi

249 3214 352 3269 luerint
363 3231 388 3269 cc
484 3214 647 3270 salutaribus
661 3233 708 3284 uec
807 3216 1048 3284 obtemperauerint
1060 3232 1092 3276 w,
1105 3214 1338 3282 obtemperaretur

250 3300 367 3355 runo
384 3316 433 3355 oo
447 3318 500 3371 ep.
513 3332 546 3341 -
558 3302 681 3370 spaera
692 3302 812 3371 cipriani
829 3302 863 3355 au
881 3288 958 3370 pru}
969 3305 997 3355 ot
1009 3285 1214 3355 arcessamus
1226 3298 1373 3351 emam-

250 3388 292 3440 tes
304 3386 414 3455 explicit
430 3389 459 3449 T,
472 3402 522 3441 orn.
536 3404 611 3456 φωμ.
626 3418 659 3426 -

301 3472 822 3541 spasmus-inoporeemco
835 3470 1193 3541 presbiterisetcicccuibus
1201 3470 1373 3523 comeon-
1444 3452 1450 3470 ’

251 3560 410 3615 sistentibus
425 3562 455 3625 Τ,
472 3560 639 3627 Rescriptum
652 3575 697 3627 per
708 3558 877 3627 presbyteros
889 3562 916 3612 et
926 3558 1049 3611 diaconos
1061 3557 1095 3611 ad
1106 3556 1261 3625 Cipriauum
1274 3554 1374 3607 Romae

252 3647 427 3701 cumistentcs
437 3666 467 3713 φ,
479 3645 552 3700 Cleri
561 3644 673 3699 Romani
683 3644 716 3699 ad
726 3645 881 3714 Cipriauum
890 3643 1022 3698 adolentis
1029 3659 1077 3713 pro
1085 3642 1241 3696 tememtate
1249 3655 1374 3709 quorum·

252 3730 314 3787 dam
333 3732 468 3801 lapsorum
487 3734 516 3784 st
532 3730 691 3785 confidentes
703 3731 732 3785 iu
744 3746 775 3785 eo
786 3733 816 3784 et
825 3731 996 3785 exhortantes
1015 3745 1064 3798 pro
1084 3743 1174 3783 eorum
1195 3726 1283 3779 salute
1294 3742 1327 3779 sc.
1341 3755 1374 3763 -

252 3817 423 3887 905priano]
437 3816 550 3871 celerino
567 3819 591 3869 Τ
590 3834 605 3870 o
691 3831 775 3885 papae
788 3833 830 3870 coo
914 3814 1122 3869 mutuantibus
1137 3814 1162 3865 Τ
1247 3811 1279 3866 11
1292 3812 1376 3865 frater

252 3887 316 3957 iffi
326 3918 389 3965 ceco
474 3906 539 3971 quos
554 3905 579 3954 T
672 3903 706 3956 12
717 3901 860 3970 perculsis
955 3901 987 3953 13
999 3897 1227 3968 persecutionibus
1239 3896 1374 3951 cessitsti-

254 3990 304 4043 bus
316 4006 349 4052 cc,
360 3988 550 4059 persecutionis
563 3989 679 4042 unitatis
690 3986 896 4041 necessitatibus
908 4006 930 4054 φ
1006 3986 1040 4039 14
1050 3984 1227 4039 irnmodulsta
1242 3986 1271 4044 Τ,
1282 3984 1374 4035 imme-

254 4074 348 4129 dulata
359 4092 384 4129 sc
453 4076 486 4130 15
498 4074 634 4129 uerborum
648 4074 856 4143 periculosamo
925 4070 1053 4140 producta
1065 4087 1115 4125 orn.
1126 4086 1152 4123 eo
1221 4070 1255 4123 16
1267 4068 1375 4122 denota-

255 4164 347 4215 rentur
358 4178 383 4215 ec
463 4165 601 4231 tamquam
619 4164 643 4214 Τ
721 4162 801 4227 atque
812 4175 898 4224 mccc
979 4157 1010 4211 17
1023 4172 1137 4225 menam
1147 4172 1171 4208 ec
1252 4154 1286 4207 18
1297 4169 1375 4207 euan-

256 4248 356 4321 gelium
369 4248 551 4316 euangelicam
564 4266 594 4329 φ1
656 4244 776 4299 adibitas
792 4246 815 4296 Τ
