3025 4967
330 1211 409 1309 DE
441 1212 607 1310 BONO
639 1212 1041 1313 satiaturus.

165 1480 227 1591 De
242 1523 395 1606 patientta
410 1526 584 1605 locuturus,
609 1525 719 1592 fratres
736 1527 950 1605 ntettasrmt,
965 1530 997 1592 tt
1013 1528 1166 1592 utilitates
1182 1529 1278 1604 eust

122 1630 157 1693 et
180 1627 341 1694 commoda
367 1629 600 1711 praedicaturus
627 1630 706 1694 undo
731 1630 836 1711 potius
862 1630 1029 1713 incipiam,
1053 1649 1146 1712 quam
1166 1630 1247 1712 quod

121 1750 205 1797 nunc
219 1750 339 1815 quoque
354 1731 394 1797 ud
409 1732 601 1798 audientiam
616 1734 752 1799 uestram
763 1734 945 1816 patientiam
958 1734 1048 1799 uideo
1064 1752 1129 1798 esse
1142 1752 1247 1798 ueces-

84 1861 96 1897 e
121 1834 253 1913 samam,
275 1836 312 1897 ut
334 1854 389 1901 nec
410 1834 468 1900 hoc
490 1835 593 1919 ipsum
609 1836 690 1917 quod
705 1835 821 1901 auditis
837 1837 868 1900 et
883 1836 1003 1902 discitis
1018 1836 1083 1901 sino
1097 1835 1248 1919 patientia

120 1937 221 2003 facere
236 1938 384 2021 possitis?
399 1942 473 2003 tunc
488 1940 570 2003 euim
586 1938 710 2004 demum
726 1958 825 2004 sermo
841 1941 872 2004 ot
887 1940 968 2004 ratio
983 1940 1128 2005 salutaris
1143 1939 1247 2005 effica-

121 2041 201 2106 citer
215 2040 362 2120 discitur,
385 2043 412 2107 si
437 2043 592 2125 patienter
617 2042 698 2124 quod
723 2043 838 2108 dicitur
864 2044 1016 2108 audiatur.
1039 2063 1094 2109 neo
1114 2044 1246 2121 inuenio,

119 2144 232 2211 frames
248 2145 458 2224 dilectissimi,
482 2146 563 2211 inter
585 2148 700 2211 ceteras
722 2146 902 2229 disciplinae
925 2147 1065 2213 caelestis
1087 2146 1154 2211 uias
1177 2146 1247 2228 qui-

119 2249 180 2313 bus
203 2249 242 2314 ad
265 2249 476 2331 consequenda
490 2250 642 2316 diuinitus
657 2248 795 2333 praemia
810 2251 875 2334 spei
891 2270 925 2316 ac
940 2251 1013 2315 fidoi
1027 2251 1149 2315 nostrae
1163 2252 1247 2315 secte

85 2382 111 2419 ιο
121 2353 271 2438 dirigitur
285 2352 360 2436 quid
376 2354 477 2437 magis
492 2352 535 2416 sit
551 2354 601 2418 uel
616 2352 725 2419 utilius
740 2355 780 2418 ad
796 2354 895 2418 uitam
918 2354 969 2419 uel
991 2353 1093 2418 maius
1115 2353 1155 2419 ad
1178 2353 1247 2437 glo-

120 2457 203 2521 riam
214 2476 309 2540 quam
323 2458 360 2521 ut
375 2457 429 2538 qui
443 2456 612 2540 praeceptis
628 2457 790 2523 dominicis
806 2458 950 2540 obsequio
965 2458 1087 2523 timoris
1102 2476 1138 2522 ac
1153 2456 1247 2520 douo-

121 2561 218 2625 tionis
239 2560 405 2625 innitimur
426 2560 610 2642 patientiam
632 2562 766 2626 maxime
781 2564 848 2628 tota
863 2562 1076 2627 obseruatione
1092 2563 1245 2625 tueamur.

165 2666 255 2730 Hanc
281 2684 314 2729 se
340 2666 451 2729 secturi
477 2662 652 2747 philosophi
679 2683 798 2747 quoque
812 2666 1009 2749 profitentur,
1034 2665 1087 2729 sed
1101 2666 1167 2727 tam
1182 2660 1277 2725 illita

120 2769 276 2850 patientia
291 2767 371 2833 falsa
393 2769 439 2832 est
461 2788 555 2850 quam
579 2769 610 2833 ot
632 2767 711 2834 falsa
734 2770 886 2852 sapientia
908 2771 964 2835 est.
988 2770 1068 2833 unde
1091 2768 1173 2832 enim
1196 2765 1248 2829 uel

85 2897 109 2935 ιε
120 2871 244 2954 sapiens
260 2889 325 2936 esse
340 2872 391 2936 uel
406 2872 526 2954 patiens
541 2871 640 2953 possit
655 2872 708 2954 qui
722 2892 778 2937 neo
793 2874 978 2955 sapientiam
994 2890 1050 2937 uec
1060 2869 1246 2954 patientiam

119 2973 182 3039 Dei
196 2974 307 3039 nouit?
324 2974 443 3056 quando
458 2974 523 3056 ipse
539 2974 576 3039 de
591 2974 640 3039 his
656 2976 709 3057 qui
725 2976 785 3040 sibi
800 2994 905 3058 sapere
920 2976 952 3040 in
967 2975 1082 3039 mundo
1105 2973 1250 3037 uidentur

118 3080 247 3141 moneat
272 3078 304 3141 et
329 3076 433 3141 dicat:
470 3078 631 3161 perdam
668 3079 905 3160 sapientiam
938 3076 1176 3160 sapientium
1210 3076 1249 3141 et

121 3178 374 3261 prudentiam
397 3182 651 3262 prudentium
673 3182 910 3264 reprobabo,
944 3182 1022 3246 item
1044 3180 1153 3245 beatus
1174 3196 1248 3261 apo-

119 3283 221 3346 stolus
242 3282 360 3347 Paulus
385 3284 494 3365 plenus
520 3283 638 3366 Spiritu
665 3285 770 3350 sancto
796 3284 827 3350 et
852 3284 998 3351 uocandis
1020 3282 1249 3363 formandisque

82 3385 268 3467 tegentibus
285 3387 400 3451 missus
416 3389 606 3451 contestetur
621 3390 651 3451 ot
666 3388 803 3453 instruat
817 3388 937 3452 dicens:
962 3388 1094 3452 uidete
1116 3404 1160 3450 ne
1183 3383 1247 3465 qui

226 3571 258 3625 17
275 3573 319 3625 Es.
332 3573 374 3636 29,
388 3574 428 3627 14.
481 3574 516 3627 20
534 3573 588 3627 Col.
601 3574 625 3637 2,
638 3576 656 3627 8
668 3590 707 3643 sq.

172 3760 283 3800 ruscrrru
308 3760 345 3798 nr:
369 3759 455 3797 Parra
476 3745 525 3809 W,
558 3760 666 3799 rucrnru
690 3761 726 3798 nrt
750 3761 903 3800 surranum
931 3729 987 3799 aaut
1000 3761 1069 3799 vrrs
1088 3760 1120 3799 ru
1139 3725 1197 3797 1170
1210 3742 1247 3807 (ἡ

115 3832 156 3898 cs.
173 3832 256 3901 Oppr.
275 3832 353 3899 aptat.
368 3835 403 3885 73
422 3848 442 3885 c.
454 3834 492 3884 26
498 3852 506 3883 :
527 3834 633 3899 propter
645 3831 693 3886 hoc
712 3832 796 3885 etiam
814 3832 937 3886 libellum
953 3848 1024 3886 nunc
1041 3831 1077 3885 de
1094 3830 1179 3884 bono
1197 3845 1249 3898 pa·

114 3918 269 3972 tientiae
289 3920 419 3987 quantum
437 3918 526 3971 ualuit
537 3920 630 3970 nostra
642 3918 822 3972 mediocritas.
834 3959 840 3971 .
851 3918 1070 3987 conscripsimus
1121 3918 1139 3972 4
1151 3917 1248 3971 auden-

113 4005 187 4057 tium
200 4005 237 4058 W
288 4020 345 4058 esse
358 4020 406 4059 otu.
423 4004 449 4057 V
497 4003 580 4057 5hoc
592 4020 640 4057 om.
657 4006 694 4059 W
746 4004 949 4062 tinuenioW
999 4003 1247 4057 8coelestisdisci-

114 4089 237 4158 plinaeo
289 4088 324 4143 10
335 4090 457 4145 „utilius
470 4090 508 4145 W
560 4090 593 4142 13
605 4092 717 4159 quoque]
731 4090 829 4159 quique
843 4092 870 4145 V
919 4092 952 4145 14
970 4093 1093 4158 esttpost
1106 4089 1249 4159 sapientie)

114 4174 212 4229 oruG
309 4176 341 4229 16
359 4177 415 4244 ipse
428 4178 478 4244 W,
497 4177 552 4245 ipse
564 4162 614 4230 dns
632 4176 670 4240 G,
689 4192 768 4229 omo
855 4176 985 4245 hisliiso
1072 4176 1104 4229 17
1122 4175 1179 4243 ipse
1193 4189 1248 4228 nro·

114 4262 211 4315 neate
296 4260 435 4315 hominum
449 4263 611 4331 sapientium
626 4262 652 4315 V
754 4263 789 4315 20
806 4262 1137 4317 contestaturctinstruit
1154 4262 1190 4312 G·

117 4346 181 4414 quia
198 4346 238 4401 Ge
