3025 4967
602 390 690 447 vicu
1167 410 1211 460 cv

80 546 166 629 quasi
186 546 316 613 scilicet
336 548 554 632 ignorantibus
574 548 745 614 tacebatur.
768 550 893 614 sane-et
907 549 941 614 iu
961 548 1125 631 scripturis
1147 548 1211 615 tale

80 649 199 732 aliquid
220 650 359 716 inuenio.
382 670 456 716 uam
470 651 633 717 Zacharias
648 653 789 717 sacerdos
804 652 955 735 promisso
970 652 1031 717 sibi
1046 672 1101 736 per
1115 671 1210 737 unge-

80 756 143 819 lum
164 752 235 819 filio
262 755 339 836 quia
358 773 420 820 non
441 755 613 820 crediderat
633 755 801 839 obmutuit,
828 755 875 820 ita
894 756 931 819 ut
949 755 987 819 de
1006 754 1065 820 filii
1086 756 1210 821 nomine

78 857 252 939 scripturus
266 857 372 939 potius
387 876 481 940 quam
496 858 652 923 relaturus
667 859 746 922 nutu
761 857 886 923 tabulas
898 858 1080 940 postularet.
1097 859 1208 923 merito

63 960 183 1039 isthic,
213 960 270 1025 ubi
284 960 345 1025 Dei
369 961 500 1026 nuntius
521 961 696 1044 passionem
718 960 870 1027 antistitis
893 962 1107 1028 imminentem
1130 963 1210 1027 nutu

78 1063 179 1145 potius
194 1063 361 1145 expressit,
375 1066 408 1128 et
422 1064 517 1128 fidem
530 1064 693 1129 admonuit
707 1064 739 1129 61
753 1065 944 1129 sacerdotem
959 1064 1104 1129 muniuit.
1127 1064 1209 1129 dila·

77 1167 171 1232 116616
192 1171 304 1233 autem
324 1169 476 1251 petendae
490 1168 570 1233 ratio
586 1168 624 1233 de
639 1166 830 1234 ordinatione
845 1186 948 1233 rerum
964 1170 995 1233 ct
1010 1169 1048 1233 de
1063 1167 1210 1233 uolunta·

17 1315 18 1318 ,
77 1271 116 1336 tis
137 1270 346 1354 dispositione
368 1271 521 1337 uomebat.
548 1290 627 1355 quae
648 1289 721 1336 uero
743 1291 793 1337 res
814 1272 864 1335 illi
886 1273 941 1336 aut
963 1266 1041 1355 ’6666
1063 1270 1209 1335 uoluntas

78 1375 249 1441 ordinanda
262 1375 325 1441 uisi
339 1375 540 1441 ecclesiastici
555 1378 678 1441 status?
698 1394 821 1440 summa
836 1376 961 1457 accepta
976 1374 1084 1439 dilatio
1100 1373 1156 1451 661,
1172 1374 1210 1439 61

51 1477 232 1560 aquidquid
247 1478 330 1544 circa
344 1498 514 1563 pauperum
529 1478 731 1543 fouendorum
754 1496 898 1561 suprema
913 1478 1028 1543 iudicia
1044 1476 1208 1559 disponen-

78 1583 151 1646 dum
178 1582 285 1646 fuerat
313 1582 515 1647 ordinaretur.
551 1583 584 1647 61
612 1584 687 1665 puto
715 1584 842 1664 propter
866 1581 948 1646 nihil
978 1580 1074 1659 aliud,
1110 1582 1207 1647 immo

78 1702 148 1750 ucru
163 1688 295 1767 propter
307 1686 366 1751 hoc
379 1688 505 1751 tautum
520 1686 616 1751 etiam
630 1678 830 1769 indulgentia
844 1686 883 1749 ab
895 1685 972 1766 ipsis
986 1685 1040 1768 qui
1054 1684 1207 1750 eiecerunt

78 1792 107 1852 61
119 1789 176 1870 qui
198 1788 333 1853 occisuri
354 1790 451 1867 erant,
472 1790 569 1855 missa
584 1791 642 1867 661,
664 1808 757 1871 quam
773 1790 809 1853 61
824 1808 967 1871 praeseus
984 1790 1016 1853 61
1030 1788 1207 1872 praesentes

78 1909 228 1973 pauperes
246 1892 434 1957 nouissimus
455 1893 692 1975 dispensationis
713 1892 859 1957 extremis
875 1894 906 1956 et
926 1893 962 1956 ut
977 1892 1099 1972 plenius
1121 1892 1206 1955 dixe-

15 2041 16 2068 ,
52 1994 135 2057 urim
157 1994 239 2058 totis
261 1994 440 2077 sumptibus
461 1994 663 2061 ministraret.
689 1995 839 2060 ordinatis
861 2011 933 2077 ergo
955 1996 1022 2059 tam
1044 1995 1094 2078 pie
1116 1994 1207 2059 rebus

78 2098 107 2159 61
120 2096 168 2161 616
180 2096 348 2161 uoluntate
362 2098 513 2179 disposita
526 2098 723 2179 proximabat
738 2098 804 2163 dies
819 2099 981 2163 crastinus.

116 2200 188 2265 Iam
214 2201 255 2264 de
280 2198 371 2265 Xisto
396 2200 473 2265 bouo
498 2202 531 2265 et
552 2200 678 2283 pacifico
704 2203 861 2267 secerdote
887 2220 922 2267 ac
948 2204 1110 2285 propterea
1133 2200 1256 2271 bea-ll

78 2303 198 2367 tissime
214 2305 354 2386 martyro
369 2302 408 2369 ab
424 2303 499 2367 urbe
513 2304 640 2370 nuntius
657 2308 791 2369 uenerat.
809 2290 989 2387 sperabatur
1004 2306 1067 2371 iam
1082 2305 1206 2387 iamque

14 2449 15 2494 r
78 2407 215 2471 carnifex
240 2407 376 2489 uenie'ns,
403 2407 457 2491 qui
483 2406 595 2473 deuota
621 2408 834 2473 sanctissimae
861 2408 1009 2474 uictimae
1031 2408 1111 2474 colla
1134 2428 1205 2491 per·

51 2512 214 2574 conteret:
245 2511 279 2575 61
296 2510 349 2574 616
373 2511 462 2577 erant
490 2530 595 2577 omnes
620 2511 686 2577 dies
712 2512 762 2575 illi
788 2510 968 2593 quotidiana
996 2512 1206 2594 expectatione

14 2641 15 2644 ¹
80 2612 243 2690 moriendi,
258 2613 296 2677 61
306 2631 416 2679 corona
426 2615 561 2697 siugulis
571 2616 676 2697 posset
686 2615 829 2679 adscribi.
846 2614 1069 2681 conueniebant
1079 2614 1208 2681 interim

80 2716 184 2798 plures
206 2718 326 2800 egregii
345 2717 379 2782 61
398 2716 563 2782 clarissimi
583 2717 701 2783 ordinis
722 2722 754 2783 et
776 2718 945 2802 sauguinis,
968 2721 1021 2784 sed
1041 2720 1072 2782 et
1093 2719 1209 2784 saeculi

82 2822 246 2887 nobilitato
257 2821 406 2905 generosi,
422 2822 476 2903 qui
487 2823 612 2903 propter
623 2822 795 2887 amicitiam
808 2822 874 2887 eius
885 2822 1045 2904 antiquam
1055 2841 1209 2889 secessum

81 2924 213 2990 subinde
227 2924 408 2989 suaderent:
424 2926 504 2989 6166
518 2943 629 3007 parum
644 2926 726 2989 66661
740 2924 824 2989 6616
839 2926 973 3003 6661616,
990 2926 1085 2991 etiam
1098 2926 1208 2992 lucain

132 3144 484 3207 166111661666.6,11661Τ
613 3146 704 3199 26666
717 3148 745 3199 61
755 3162 788 3210 w,
802 3162 864 3200 uam
875 3148 954 3201 mT
1084 3147 1210 3217 angelum

82 3232 197 3285 6666166
209 3231 383 3300 euangelium
397 3230 423 3284 T
432 3232 503 3298 (aon
514 3233 538 3295 1)
640 3230 702 3285 3616
713 3232 764 3285 dlii
777 3233 883 3287 nomine
898 3234 929 3295 T,
942 3232 994 3286 filii
1007 3248 1101 3287 nomon
1113 3250 1175 3303 copo

81 3318 246 3387 {scriptura
257 3334 283 3371 66
404 3317 547 3389 relaturus]
560 3316 703 3372 relicturus
719 3318 745 3371 T
862 3318 931 3373 51161
946 3320 971 3373 Τ
1089 3320 1210 3391 nuntius]

86 3405 238 3472 nutritusp
348 3404 491 3458 antestites
508 3405 711 3471 Τ,6616“6111661
823 3404 970 3458 dmurduit
981 3420 1030 3459 om.
1048 3406 1124 3475 Tcop,
1136 3421 1212 3460 mon·

14 3535 15 3540 ,
86 3491 184 3545 6166611
195 3490 292 3545 multu
423 3490 480 3543 761
491 3488 533 3560 de]
546 3493 575 3543 et
589 3491 615 3545 T
743 3489 1014 3559 8dispositiouemT
1141 3490 1211 3561 uere]

14 3587 15 3656 5
87 3594 137 3631 nou
148 3594 173 3630 ao
308 3576 451 3646 9sumura]
465 3592 589 3644 suprema
601 3576 724 3631 16616666
765 3616 773 3643 s
856 3576 951 3630 dilutio
964 3576 1014 3645 661]
1026 3575 1178 3631 dilationot

14 3661 15 3697 1
90 3665 121 3717 10
127 3664 208 3733 61666]
221 3666 311 3717 661666
321 3680 346 3715 w
448 3661 630 3731 donandorum]
643 3678 734 3716 curam
745 3661 811 3716 add.
824 3678 849 3725 6,
860 3662 1064 3731 dispositionem
1076 3660 1140 3717 add.
1154 3678 1179 3715 w

90 3766 211 3818 supremo
223 3748 326 3803 iudicio
337 3766 400 3819 sepo
509 3750 543 3803 12
554 3764 617 3803 uere
632 3749 657 3801 T
655 3769 675 3817 μ
784 3748 868 3802 etiam
880 3750 987 3803 tantum
998 3766 1023 3801 w
1125 3747 1215 3802 indul·

91 3837 163 3903 genti
175 3836 203 3889 T
252 3834 359 3889 6166661
372 3836 398 3890 Τ
407 3836 478 3903 (aaa
490 3837 514 3903 1)
572 3834 606 3889 13
617 3838 645 3888 61
656 3835 703 3903 qui
714 3835 829 3889 occisuri
841 3838 917 3889 erant
929 3852 978 3889 om.
995 3835 1027 3899 T,
1040 3836 1067 3888 et
1079 3834 1125 3902 qui
1138 3837 1216 3889 erant

92 3921 245 3987 occursiwp
327 3920 475 3975 admissas
555 3936 746 3989 quamoms
807 3924 897 3975 61666.
911 3938 955 3990 rep
1041 3920 1181 3977 15notist
1293 3914 1299 3929 '

93 4006 242 4061 6161616666
254 4007 287 4071 Τ,
298 4006 461 4062 6616666616
535 4007 569 4061 16
581 4011 608 4061 61
620 4022 669 4061 om.
682 4024 727 4074 wp
803 4022 851 4075 pro
863 4007 1003 4061 uoluntate
1015 4006 1182 4076 dispositisc

94 4094 382 4162 116661666661666
450 4095 484 4150 18
495 4094 530 4147 ab
541 4093 607 4147 urbe
618 4108 707 4147 66666
776 4092 943 4163 sperabatur]
956 4091 1182 4162 expectabaturao

95 4178 206 4234 1666666.
218 4198 265 4249 rep
352 4180 387 4234 19
398 4180 563 4234 sanctissimi
574 4196 621 4249 sup
701 4179 828 4233 uictimae
841 4196 890 4235 om.
907 4180 974 4249 Trop
1054 4179 1088 4233 21
1099 4178 1217 4248 siugulis

96 4264 486 4335 possitTpossetsiugulisu
566 4265 776 4334 dicarissimip
857 4264 903 4319 sed
915 4265 953 4335 61]
966 4264 1014 4319 sed
1026 4270 1045 4328 t,
1058 4264 1103 4319 sed
1116 4266 1183 4318 6166

98 4351 357 4421 aemularemur
372 4352 400 4405 Τ
506 4351 542 4405 23
552 4350 696 4405 6661111616
708 4351 734 4405 Τ
845 4351 881 4407 24
892 4354 919 4405 61
931 4367 964 4405 66
977 4366 1071 4419 pamm
1083 4350 1164 4419 esset]
1176 4366 1219 4405 me

101 4438 223 4501 wuissct
238 4437 264 4491 T
366 4435 487 4491 suadella
499 4441 539 4507 p¹,
553 4436 702 4491 suadebant
717 4438 742 4492 T
843 4442 871 4491 61
883 4438 996 4505 611661μ
