3025 4967
465 365 622 435 Epistula
639 366 940 421 xxxa-mvl.
1151 437 1155 443 Ι
1197 370 1261 436 573

145 520 245 585 hibita
261 521 408 587 senentes
423 525 587 602 temperat,
604 522 678 587 dum
694 526 724 587 et
740 525 931 605 quorundam
947 524 1167 606 inprobitatem
1182 526 1263 590 iuste

145 642 263 689 coerces
285 626 316 687 et
340 624 522 691 cohortando
545 626 583 691 ad
606 626 828 709 paonitentiam
853 629 938 692 uiam
964 628 1125 712 legitimae
1150 628 1262 693 salutis

144 728 289 793 ostendis.
311 746 386 809 quos
407 728 531 809 quidem
552 729 628 793 satis
644 730 749 793 mirati
764 748 872 794 sumus
887 731 926 794 ad
941 731 998 796 hoc
1012 752 1108 813 usquc
1122 732 1263 813 prosilire

144 829 278 893 uoluisse
293 831 328 893 ut
343 833 409 893 tam
429 830 573 914 urgenter
587 832 618 895 et
633 833 699 896 tam
715 832 870 897 inmaturo
885 834 977 914 atquc
992 834 1099 898 acerbo
1114 835 1261 916 tempore,

122 933 176 996 sin
192 934 257 997 tam
277 933 396 1017 ingenti
413 934 444 997 et
458 934 595 998 inmenso
617 934 744 999 crimine
763 936 855 1018 atque
874 936 986 1000 delicto
1005 956 1112 1019 pacem
1126 936 1187 1001 sibi
1201 954 1263 1001 non

144 1036 323 1118 adpeterent
344 1038 437 1117 duam
460 1036 661 1114 uindicarent,
683 1037 780 1101 immo
803 1038 867 1103 iam
882 1041 914 1103 et
928 1039 961 1102 in
981 1039 1075 1103 caelis
1096 1038 1208 1104 habere
1228 1058 1261 1103 se

144 1139 289 1204 dicerent.
312 1139 366 1220 qui
381 1138 544 1215 sihabent,
566 1140 641 1221 quid
661 1142 771 1220 petunt
789 1141 871 1222 quod
891 1142 1019 1205 tenent?
1041 1142 1068 1204 si
1083 1142 1262 1225 autemnon

143 1243 256 1308 habere
278 1242 348 1307 illos
370 1242 517 1326 probatur
539 1244 595 1320 hoc
617 1244 683 1325 ipso
706 1243 787 1324 quod
810 1246 931 1325 petunt,
956 1263 1010 1308 cur
1029 1263 1090 1308 non
1111 1243 1262 1308 iudicium

144 1363 250 1409 eorum
277 1345 430 1411 sustinent
451 1366 469 1409 a
491 1346 602 1427 quibus
628 1346 792 1427 petendam
818 1365 925 1429 pacem
951 1366 1043 1429 quam
1069 1347 1177 1428 utique
1202 1365 1263 1412 non

108 1449 259 1513 nohabent
280 1450 488 1533 putauerunt?
512 1448 591 1531 qnod
607 1450 633 1514 si
648 1449 773 1514 aliunde
793 1451 1038 1535 praerogatiuam
1054 1449 1262 1515 communica·

144 1552 237 1617 tionis
252 1552 365 1617 habero
380 1553 564 1631 secrodunt,
588 1570 659 1617 cum
675 1554 835 1636 euangelio
850 1554 941 1618 illam
956 1552 1262 1628 conformarentur,

143 1656 180 1719 ut
194 1656 240 1720 ita
254 1655 379 1721 demum
395 1655 525 1721 tirmiter
540 1656 655 1733 ualeat,
671 1656 698 1719 si
713 1656 751 1720 ab
768 1654 946 1739 euangelica
958 1655 1027 1738 lege
1041 1673 1102 1718 non
1116 1654 1220 1719 disson
1239 1655 1263 1718 t.

143 1760 280 1823 ceterum
302 1776 360 1839 quo
384 1760 472 1840 pacto
498 1758 709 1841 euangelicam
734 1758 850 1840 poterit
875 1758 1031 1841 praestare
1056 1758 1264 1821 communica-

143 1863 260 1929 tionem
282 1862 362 1943 quod
384 1865 490 1927 contra
512 1862 723 1945 euangelicam
745 1863 903 1927 decretum
924 1861 1050 1927 uidetur
1075 1860 1263 1927 ueritatem?

108 1985 132 2022 1⁵
143 1984 217 2030 nam
240 1984 310 2030 cum
330 1966 429 2029 omnis
450 1966 664 2049 praerogatiua
684 1966 730 2030 ita
744 1965 872 2030 demum
886 1965 926 2029 ad
939 1964 1151 2048 indulgentiae
1165 1964 1264 2045 priui-

143 2068 262 2151 legium
279 2069 403 2149 spectet,
421 2068 447 2131 si
459 2068 497 2133 ab
513 2086 547 2131 oo
563 2068 613 2133 cui
628 2069 737 2134 sociari
752 2068 874 2151 quaerit
888 2086 949 2132 non
964 2067 1124 2150 discrepet,
1140 2065 1213 2148 quia
1223 2066 1262 2129 ab

144 2188 179 2233 eo
192 2171 241 2234 cui
251 2172 359 2236 sociari
374 2172 494 2253 quaerit
508 2172 672 2253 discrepat,
688 2190 809 2237 necesse
824 2173 872 2236 est
883 2170 1111 2254 indulgentiam
1122 2170 1154 2235 et
1164 2170 1263 2253 priui-

144 2274 262 2357 legium
276 2276 431 2341 societatis
446 2276 538 2340 amitt
559 2278 582 2343 t.
686 2326 689 2337 .

188 2378 321 2444 Videant
340 2380 438 2463 igitur
458 2380 532 2461 quid
551 2379 608 2443 hoo
622 2378 745 2462 negotio
762 2396 852 2461 agere
867 2380 1024 2444 conentur.
1047 2396 1118 2443 nam
1135 2377 1161 2441 si
1177 2375 1294 2441 aliudt

110 2500 136 2539 ro
145 2482 272 2563 quidem
292 2483 498 2567 euangelium,
521 2483 607 2548 aliud
627 2500 700 2547 uero
720 2485 872 2566 martyres
886 2483 994 2547 dicunt
1008 2481 1146 2563 posuisse
1160 2478 1264 2546 decre-

145 2587 225 2662 tum‚
247 2585 434 2651 confidentes
454 2586 560 2651 contra
580 2586 777 2669 euangelium
796 2588 949 2669 martyres
964 2585 1127 2668 utrobique
1141 2584 1264 2667 pericli-

145 2689 306 2755 tabuntur.
327 2706 399 2753 nam
422 2691 454 2754 et
474 2690 628 2773 euangelii
650 2688 749 2753 fracta
771 2688 834 2753 iam
850 2690 882 2753 et
895 2688 997 2753 iacens
1019 2687 1178 2753 uidebitur
1199 2704 1265 2750 esse

145 2791 302 2874 maiestas,
323 2792 350 2856 si
365 2792 467 2874 potuit
487 2792 614 2857 alterius
630 2792 743 2856 decreti
758 2792 898 2857 nouitate
913 2791 1060 2872 superari,
1082 2792 1114 2855 et
1127 2791 1166 2854 de
1177 2808 1265 2855 mar·

145 2894 250 2976 tyrum
272 2895 372 2975 capite
393 2895 526 2979 gloriosa
547 2895 744 2959 confessionis
766 2914 874 2959 corona
888 2894 1036 2970 detracta,
1058 2893 1085 2958 si
1100 2911 1161 2957 non
1175 2892 1265 2956 illam

109 3009 133 3051 2⁵
144 2996 182 3059 de
198 2998 348 3081 euangelii
371 3000 600 3064 conseruatioue
620 2999 817 3063 inuenieutur
836 2998 990 3062 consecuti
1011 2996 1091 3062 unde
1109 2999 1264 3078 martyres

145 3097 234 3176 fiunt,
250 3102 286 3164 ut
296 3100 408 3166 merito
419 3102 499 3166 nulli
511 3101 612 3185 magis
627 3102 692 3166 tum
707 3100 750 3164 sit
765 3101 940 3182 competens
956 3098 1036 3163 nihil
1051 3100 1158 3163 contra
1172 3117 1265 3162 euan-

198 3360 373 3427 ltemperata
388 3360 458 3426 Tapro
526 3358 597 3415 iuste
612 3360 642 3422 T,
659 3358 714 3411 ista
726 3378 756 3425 φ,
776 3358 857 3411 istam
869 3358 897 3410 et
907 3373 933 3411 w
1001 3356 1221 3410 icohortandum
1234 3376 1263 3423 φ,

146 3444 288 3499 coartando
300 3460 324 3497 ro
416 3440 536 3512 legitime
552 3446 631 3511 Tace,
644 3443 796 3512 legitimam
808 3460 825 3498 c
918 3442 935 3497 3
946 3441 1055 3512 quidam
1068 3459 1087 3495 s.
1101 3442 1193 3495 mirari
1205 3458 1230 3494 ro

145 3530 338 3597 4uoluissatrp
412 3533 511 3583 uttam
524 3533 633 3599 urgente
645 3547 677 3594 to,
690 3532 889 3598 utamurgcnte
905 3550 928 3596 φ
1008 3529 1230 3597 tet]atquepro

145 3616 414 3685 (iadpotercnt1tam
432 3618 580 3685 peterento
666 3615 892 3669 mendicarentro
989 3616 1071 3669 immo
1088 3615 1153 3683 iam]
1171 3613 1265 3667 immo·

146 3707 204 3756 tam
220 3706 246 3755 Τ
303 3703 408 3771 iamet]
421 3703 503 3755 etiam
516 3718 564 3769 pec
628 3701 832 3772 8quod1aquo
847 3692 1229 3771 pr5abalteroquodfort.

145 3788 364 3843 9substinentw
460 3788 633 3841 rehaberent
645 3808 674 3857 φ,
688 3787 823 3841 haberew
920 3789 954 3841 11
967 3786 1207 3853 conferreillumrp

146 3876 180 3927 14
192 3890 285 3943 euaug.
298 3873 443 3943 decretum]
457 3874 721 3927 communicationem
733 3873 915 3942 euangelicam
926 3890 951 3927 ao
1037 3872 1172 3928 uidebitur
1181 3888 1229 3940 pao

147 3959 180 4013 15
190 3958 299 4013 demum
311 3974 346 4013 ca
357 3958 450 4012 demur
465 3961 490 4011 T
573 3958 670 4019 ltnon
740 3959 907 4028 quaeritom.
920 3976 945 4011 ro
1030 3958 1197 4027 discrepata>

147 4044 219 4115 quia]
232 4045 280 4114 qui
295 4046 321 4097 Τ
414 4044 817 4111 montemtremitum
913 4044 1140 4113 largitorem
1235 4044 1264 4096 in

147 4132 225 4186 hoco
294 4132 480 4199 cogenturcpro
547 4131 666 4200 20uero]
679 4134 799 4184 autema
872 4128 1265 4197 a1eon1ioente21anrssidcn-

146 4219 222 4271 testo
297 4218 464 4285 martyrasp
541 4215 684 4284 utrubique
701 4216 870 4284 itutrooque
885 4218 910 4268 T
983 4215 1018 4268 23
1029 4215 1165 4284 maiestas]
1179 4214 1265 4268 mani·

147 4302 229 4357 festas
244 4304 269 4355 T
334 4302 368 4357 24
380 4301 502 4355 detracta
513 4315 606 4356 corona
617 4318 642 4355 w
715 4301 935 4356 reminiscatur
950 4300 1012 4365 Po,
1023 4300 1196 4355 inueniuntur
1208 4321 1230 4369 φ

147 4388 274 4443 26uullir
288 4390 314 4441 T
379 4390 527 4443 tamem
595 4390 688 4457 petens
704 4390 733 4452 Τ,
746 4403 926 4457 comparcnao
