3025 4967
414 405 574 475 Epistula
590 403 944 459 LXVIIL-LXVIIII.
1178 408 1241 475 749

115 561 253 628 sciamus
272 561 312 627 ad
332 578 425 644 quem
444 558 558 627 trahes
570 562 691 626 nostros
706 559 840 645 dirigere
862 562 893 625 et
914 560 965 626 cui
985 560 1117 629 scribere
1132 561 1242 631 dobea-

115 682 198 729 mns.
214 665 285 746 opto
304 665 346 748 ta,
360 662 458 731 irater
473 664 639 743 carissime,
654 682 775 745 semper
790 664 866 729 bene
882 663 994 729 ualere.

331 970 697 1083 EPISTVLA
733 969 1028 1083 LXVIIII.

426 1190 629 1249 cluuuuvs
646 1190 775 1247 MAGNO
792 1190 891 1247 EILIO
910 1189 936 1245 S.

91 1426 106 1463 s
160 1400 224 1465 Pro
238 1402 294 1466 tua
305 1399 452 1485 religiosa
460 1399 626 1485 diligentia
637 1399 821 1465 consuluisti
833 1398 1081 1465 mediocritatem
1093 1400 1243 1477 nostram,
1260 1410 1273 1471 1

118 1502 167 1567 lili
181 1502 349 1582 consume,
364 1522 404 1567 an
416 1501 498 1568 inter
512 1504 627 1568 ceteros
642 1503 814 1569 haereticos
830 1520 881 1568 eos
896 1520 1016 1585 quoque
1032 1501 1087 1585 qui
1102 1520 1121 1567 a
1135 1500 1244 1567 Noua·

118 1606 205 1671 tiano
220 1606 350 1672 ueniunt
362 1608 434 1690 post
448 1606 612 1689 profanum
627 1606 693 1671 eius
716 1607 878 1671 leucorum
900 1606 1053 1689 baptizari
1076 1606 1107 1671 et
1128 1606 1244 1670 sancti-

118 1708 206 1774 ficari
227 1708 261 1774 in
280 1709 410 1776 ecclesia
430 1708 582 1774 catholice
601 1708 745 1789 legitimo
770 1711 801 1773 et
821 1727 894 1774 uero
922 1709 953 1774 et
980 1708 1069 1773 unico
1097 1708 1244 1774 ecclesiae

118 1812 274 1895 baptismo
299 1813 447 1895 oporteat.
475 1811 513 1876 de
533 1830 595 1894 qna
613 1830 647 1876 re
672 1814 824 1894 qnantum
850 1810 923 1877 fidei
950 1812 1072 1877 nestrae
1093 1810 1246 1893 capacitas

84 1940 114 1977 ro
123 1917 157 1980 ot
172 1914 393 1998 scripturarum
409 1914 586 1979 diuinarum
601 1915 750 1980 sanctitas
765 1932 801 1979 ac
815 1911 930 1979 ueritas
946 1914 1096 2000 suggerit,
1112 1913 1245 1978 dicimus

119 2036 228 2085 omnes
247 2018 373 2083 omnino
387 2018 558 2084 haereticos
573 2021 605 2083 et
618 2017 834 2083 schismaticos
849 2016 929 2082 nihil
948 2017 1061 2083 habere
1082 2016 1245 2099 potestatis

119 2121 259 2187 sciuris.
282 2123 409 2205 propter
429 2121 511 2203 quod
531 2120 725 2186 Nouatianua
745 2139 802 2185 neo
823 2119 914 2186 debet
938 2138 993 2185 neo
1019 2120 1123 2202 potest
1146 2120 1245 2203 excipi

120 2244 182 2307 quo
196 2224 301 2290 minna
315 2226 382 2308 ipse
398 2242 519 2307 quoque
534 2226 621 2289 extra
635 2224 797 2289 ecclesiam
820 2224 990 2289 consistens
1011 2223 1042 2287 et
1063 2224 1169 2289 contra
1188 2241 1245 2306 pa-

124 2347 193 2393 cem
218 2345 255 2393 ac
280 2328 478 2393 dilectionem
500 2326 617 2393 Christi
637 2326 753 2393 iaciens
778 2327 859 2403 inter
884 2326 1077 2391 aduersarios
1103 2328 1135 2390 et
1162 2324 1245 2391 anti-

85 2458 111 2496 n
123 2431 255 2496 christos
276 2431 469 2514 conputetur.
490 2448 589 2513 neque
611 2430 694 2495 enim
708 2430 862 2494 Dominus
882 2428 985 2494 noster
1000 2428 1086 2494 Iesus
1102 2426 1245 2493 Christus

121 2552 194 2599 cnm
209 2533 243 2597 in
258 2534 418 2618 euangelio
434 2552 490 2600 suo
505 2534 674 2599 testaretm
689 2532 833 2597 inimicos
848 2550 919 2597 suos
935 2549 1000 2597 esse
1012 2547 1063 2597 eos
1075 2531 1129 2613 qui
1140 2548 1245 2596 secum

121 2654 184 2702 non
209 2638 311 2702 essent
336 2636 475 2719 aliquam
501 2636 635 2719 speciem
660 2636 820 2701 haereseos
846 2635 1033 2719 designauit,
1060 2635 1114 2700 sed
1140 2652 1246 2699 omnes

122 2740 249 2806 omnino
268 2741 322 2822 qm
343 2758 448 2805 secum
462 2757 524 2803 non
538 2739 640 2804 essent
661 2740 694 2803 et
714 2756 819 2803 secum
840 2755 901 2803 non
922 2736 1104 2821 colligentes
1118 2756 1245 2821 gregem

174 3045 235 3099 lad
245 3030 297 3114 que
308 3063 343 3101 ex
354 3046 450 3115 adq.C
567 3045 692 3114 scrihere]
706 3046 807 3101 seruire
818 3044 847 3098 Z
965 3044 1096 3113 Eaemper
1107 3042 1133 3096 b.
1146 3042 1246 3111 ualere]

122 3147 227 3201 semper
243 3132 342 3187 hahere
353 3134 381 3186 te
392 3132 459 3186 bene
475 3147 523 3185 nec
538 3146 592 3185 non
603 3132 632 3185 in
644 3115 705 3185 dffo‘
714 3132 803 3186 nalem
817 3132 847 3185 Z.
862 3160 892 3171 —
907 3130 1024 3200 Explicit
1036 3128 1070 3183 ad
1082 3128 1248 3197 Stephanum

122 3218 198 3285 (odd
218 3218 258 3272 Z:
279 3217 313 3273 de
331 3217 467 3271 Martiano
490 3218 638 3271 melatence
661 3218 709 3286 qui
731 3217 863 3272 hereticos
886 3215 996 3285 recepit)
1017 3215 1065 3280 Zo,
1091 3214 1209 3285 Explicit
1228 3215 1248 3278 i,
1334 3266 1339 3275 ,

121 3320 173 3359 oen.
189 3302 234 3375 Ορ.
249 3334 281 3343 -

176 3390 263 3459 Epist.
276 3387 414 3443 vann.
433 3418 465 3429 -
477 3389 579 3457 Incipit
599 3388 632 3443 de
651 3388 698 3441 his
718 3389 766 3456 qni
784 3389 813 3441 in
830 3387 899 3441 lecto
919 3387 1116 3455 consequuntur
1129 3384 1176 3456 SQ
1193 3384 1249 3439 aiei

124 3476 198 3546 quoe
220 3475 357 3545 oneph
375 3491 436 3543 oe„
457 3474 560 3543 incipit
580 3474 615 3529 ce
632 3474 762 3545 nogium
783 3473 986 3529 tenemusne
1007 3454 1146 3541 (Μῶα)
1163 3469 1248 3535 cna,

122 3562 226 3632 Incipit
245 3560 280 3615 ad
290 3560 420 3631 Magnum
439 3560 473 3615 de
484 3560 638 3615 Nouatiano
649 3560 683 3615 do
703 3562 743 3629 (et
754 3559 788 3615 de
798 3560 836 3629 R)
857 3559 900 3613 his
920 3560 967 3628 qui
984 3559 1014 3613 in
1030 3558 1100 3613 lecto
1118 3556 1249 3625 (gratiam

123 3648 190 3703 odd.
200 3648 239 3703 M
247 3663 269 3701 e.
282 3646 300 3701 l.
311 3664 346 3701 os.
358 3648 389 3715 2)
400 3649 575 3701 consecuntur
584 3647 655 3702 MR.
668 3676 703 3687 -
714 3648 732 3700 4
743 3646 800 3699 lilio
812 3662 861 3700 orn.
873 3644 897 3700 S
964 3646 979 3697 7
992 3644 1103 3699 ueniant
1112 3642 1216 3713 OPQR

124 3733 292 3804 prophanum
305 3731 343 3789 Sc
450 3734 478 3786 et
489 3747 538 3787 orn
553 3732 576 3787 0
678 3734 706 3785 et
716 3730 877 3787 sanctificari
889 3746 938 3785 oon
954 3730 977 3785 S
1081 3727 1250 3783 deoclesiam

124 3820 288 3875 catholicam
300 3818 423 3888 legitime
434 3834 498 3873 nero
509 3821 601 3872 etune
613 3817 643 3883 O,
655 3833 707 3872 om.
719 3817 748 3873 R
855 3817 872 3871 9
883 3814 1076 3885 baptissimoS
1176 3812 1248 3882 fidei]

125 3906 188 3961 lidei
200 3905 342 3975 quoqueQ
423 3903 495 3958 nosti
505 3905 543 3958 Μ
551 3907 668 3972 (nostrae
682 3903 717 3974 Q)
748 3914 757 3924 ·
799 3902 832 3956 11
844 3902 943 3971 omnes]
956 3884 1042 3956 unio
1121 3899 1249 3954 chrisma·

125 3994 194 4048 ticos
208 3993 240 4048 δ’·
344 3994 378 4047 12
389 3991 488 4047 debent
497 3992 525 4048 R
626 3991 686 4060 nec]
698 4006 748 4045 ne·
762 3990 789 4045 P
890 3989 925 4042 14
936 3987 1007 4042 inter
1018 4012 1044 4042 u
1056 3987 1084 4042 L
1094 3986 1132 4040 im
1145 4001 1215 4041 erce

126 4078 288 4133 anhchristo
301 4078 328 4133 L
442 4078 477 4133 16
487 4075 610 4132 inimicos
623 4075 653 4141 S,
666 4075 832 4130 &comanos
845 4072 992 4144 cLPQRc
1106 4071 1138 4126 17
1151 4071 1249 4140 essent]

125 4167 196 4219 esset
207 4164 244 4229 B,
263 4180 320 4219 esee
331 4163 359 4217 L
512 4163 662 4232 haereseos]
679 4161 812 4215 hereticos
833 4158 857 4228 Q
1009 4158 1110 4228 omnes]
1129 4140 1190 4212 (iffi
1195 4156 1218 4213 0

125 4251 159 4305 18
170 4250 287 4319 omnino]
298 4248 431 4304 hereticos
443 4248 573 4304 ‹111ch
678 4250 769 4301 essent
781 4249 809 4300 et
821 4261 911 4301 secum
922 4260 975 4301 uon
987 4244 1075 4300 συιδ
1176 4242 1251 4298 colli-

125 4338 220 4405 gerent
232 4338 353 4406 (gregem
365 4352 387 4391 s.
399 4336 556 4405 spargerent
567 4336 630 4402 ooo.)
642 4332 671 4388 B
745 4390 749 4396 ,
