3025 4967
690 363 836 418 Caecilii
857 362 1017 433 Cypriani

611 621 997 733 EPISTVLA
1038 623 1095 732 X.

292 827 492 884 CYPP-IANVS
518 828 748 884 mmfflvs
774 831 820 884 ΕΤ
849 829 1133 886 CCNFFSSORIBVS
1160 828 1241 884 IESV
1270 829 1415 885 CHRISTI

435 913 568 968 DOhssNl
586 915 715 971 NOSTRI
734 916 777 970 IN
793 917 865 972 Due
882 916 998 970 ΡΔΤΒΕ
1015 915 1229 970 PERPETVAH
1246 917 1274 969 ἃ

264 1135 279 1197 Ι
332 1124 446 1189 Erulte
461 1124 562 1188 lsetus
577 1125 610 1188 et
623 1124 774 1207 gratuler,
796 1123 960 1188 fertissimi
974 1143 1013 1188 se
1026 1124 1199 1189 beatissimi
1214 1124 1335 1200 fratres,
1361 1139 1416 1188 ce-

290 1226 377 1310 gnits
399 1226 458 1292 fide
473 1229 505 1291 et
519 1227 637 1291 uirtute
659 1229 772 1305 uestra,
794 1226 955 1309 inquibus
977 1229 1078 1292 mater
1098 1227 1229 1292 ecelesia
1246 1225 1433 1310 gloriatum

291 1328 424 1413 gloriata
450 1331 481 1392 et
507 1347 604 1410 nuper
631 1328 755 1410 quidem
783 1349 855 1394 eum
879 1328 1068 1394 confessione
1091 1329 1246 1411 perstanti
1270 1330 1416 1409 suscepte

290 1450 388 1512 paena
403 1433 450 1496 est
464 1450 541 1514 quse
556 1431 742 1496 consessores
757 1430 873 1496 Christi
887 1432 962 1496 iecit
975 1435 1119 1498 exterres.
1145 1431 1294 1497 confessio
1308 1433 1416 1496 tanim

290 1553 432 1616 praesens
447 1536 599 1616 quantum
613 1535 646 1598 in
660 1535 801 1618 passione
816 1535 935 1614 fertior,
957 1537 1081 1600 tautum
1095 1535 1207 1600 clarior
1221 1536 1254 1600 et
1266 1534 1368 1600 maier
1382 1533 1417 1598 iu

291 1637 402 1702 honore
424 1640 480 1703 est.
506 1637 605 1702 creuit
625 1657 737 1722 pugns,
760 1639 859 1703 creuit
880 1639 912 1702 et
930 1639 1137 1722 pugnantium
1158 1638 1268 1723 gloria.
1297 1656 1355 1703 nee
1369 1655 1417 1701 re-

290 1739 405 1804 tardati
420 1740 494 1805 estis
509 1740 546 1805 ah
562 1741 628 1805 acie
642 1742 866 1806 tormentorum
887 1744 985 1818 metu,
1007 1741 1062 1806 sed
1075 1741 1151 1823 ipsis
1166 1740 1330 1805 tormentis
1343 1759 1415 1806 ma-
1424 1763 1447 1802 ιο

289 1843 338 1926 gis
353 1843 427 1908 estis
442 1844 481 1908 ad
496 1844 594 1908 seiem
615 1844 785 1927 prouocati,
807 1843 903 1908 fortes
924 1846 956 1909 et
970 1844 1098 1909 stabiles
1117 1845 1157 1908 sd
1170 1843 1298 1909 maximi
1313 1843 1416 1908 certa-

289 1946 383 2014 minis
398 1945 548 2028 proelium
563 1948 706 2030 prompta
720 1945 882 2012 deuotione
896 1947 1053 2028 prodistis.
1083 1965 1120 2011 en
1134 1946 1248 2029 quihus
1262 1947 1414 2028 quosdam

289 2049 353 2114 iam
368 2049 490 2132 cenperi
504 2051 669 2131 coronatos,
693 2049 842 2132 quosdam
864 2068 936 2115 uere
950 2050 990 2114 sd
1013 2067 1155 2115 corenam
1170 2048 1319 2114 uictoriae
1340 2067 1414 2130 prc-

288 2152 397 2229 rimos,
420 2152 579 2218 uniuersos
594 2153 698 2218 autem
714 2170 790 2234 quos
803 2153 927 2236 agmine
941 2152 1074 2236 gloriose
1089 2170 1192 2217 mreer
1205 2151 1335 2216 inclusit
1343 2151 1414 2232 peri

290 2257 322 2319 et
336 2254 434 2318 simili
449 2255 548 2320 calere
569 2255 696 2320 uirtutis
711 2256 750 2320 ad
773 2255 942 2338 gerendum
964 2256 1119 2320 certamen
1140 2254 1306 2331 auimates,
1330 2253 1447 2319 sieuts

291 2376 357 2422 esse
369 2359 490 2439 opertet
504 2357 538 2420 iu
549 2357 664 2422 diuinis
680 2359 789 2424 cestris
800 2358 918 2423 milites
929 2357 1056 2436 Christi,
1072 2359 1108 2422 ut
1122 2357 1330 2440 incorruptum
1341 2355 1416 2421 fidei

290 2460 470 2526 firmitatem
496 2478 557 2524 nou
578 2459 748 2526 blmditiee
769 2461 938 2542 decipiant,
960 2479 1021 2526 nen
1048 2461 1151 2525 minse
1172 2461 1322 2542 terreant,
1349 2479 1415 2526 nen

290 2563 442 2630 emeiatus
457 2580 492 2626 ae
507 2563 660 2630 tormenta
674 2563 845 2642 desineant,
868 2564 941 2646 quie
960 2563 1058 2628 maior
1072 2565 1120 2627 est
1141 2563 1195 2646 qui
1210 2563 1258 2627 est
1277 2562 1311 2626 in
1323 2562 1416 2628 nubis

289 2683 383 2747 quam
398 2665 451 2747 qui
466 2666 514 2730 est
527 2665 560 2729 in
580 2665 638 2730 hee
651 2667 776 2747 munde,
797 2686 852 2731 nee
866 2667 937 2747 plus
959 2666 999 2730 ad
1020 2666 1213 2731 deiciendum
1226 2666 1329 2748 petest
1350 2666 1416 2729 ter·

289 2785 361 2832 rens
381 2786 478 2850 paena
498 2787 591 2851 quam
613 2769 652 2833 ad
674 2768 855 2852 erigendum
876 2769 976 2834 tutela
997 2769 1112 2834 diuina.
1143 2768 1273 2852 probata
1292 2787 1343 2833 res
1365 2767 1446 2832 estse

290 2871 456 2936 certamine
472 2870 603 2937 fratrum
617 2871 760 2956 glesiese,
775 2871 829 2954 qui
844 2872 884 2936 ad
896 2873 1051 2937 tormenta
1065 2871 1216 2936 uincenda
1230 2871 1339 2936 ceterts
1354 2870 1415 2935 du·

340 3093 428 3163 Epist.
446 3092 478 3147 X.
505 3121 539 3132 -
566 3092 667 3162 Incipit
694 3091 809 3160 (thibari
834 3092 899 3147 add.
917 3093 956 3161 L)
982 3093 1016 3146 ad
1041 3095 1174 3161 martyras
1200 3095 1229 3146 et
1251 3092 1414 3147 confessores

290 3179 416 3250 (feliciter
445 3179 510 3234 add.
534 3179 573 3248 Ν)
607 3178 718 3248 CLQR,
753 3179 855 3249 Incipit
883 3179 917 3233 ad
945 3182 1079 3248 martyres
1103 3179 1137 3243 P,
1166 3178 1267 3248 Incipit
1294 3178 1415 3247 epistula

289 3265 409 3336 Cipriani
426 3265 459 3320 ad
475 3265 614 3320 Siluanum
631 3269 660 3319 et
672 3265 822 3335 Regianum
840 3269 971 3334 martyres
989 3265 1018 3319 in
1035 3265 1147 3319 metallo
1164 3265 1325 3319 constitutos
1336 3264 1371 3318 N
1381 3294 1414 3305 -

288 3351 306 3410 s
324 3350 498 3438 sennensis]
510 3351 539 3404 n
551 3351 652 3406 emisso
665 3352 708 3406 Pe
759 3334 850 3406 suff
861 3336 976 3419 suffe)
993 3335 1131 3406 111?an
1192 3350 1231 3419 in]
1249 3352 1277 3403 es
1293 3350 1323 3403 m
1334 3350 1380 3403 ns

289 3439 346 3508 deo]
367 3438 419 3493 dne
441 3437 497 3492 NR
563 3439 641 3507 patre
658 3453 707 3492 em.
730 3439 818 3494 ΘΒΜ
840 3439 908 3506 (ecla
930 3438 963 3508 Q)
1031 3439 1049 3492 5
1072 3437 1110 3507 et]
1138 3453 1202 3491 aee
1269 3434 1414 3506 gloriatur]

288 3523 441 3596 gratulatur
459 3524 487 3578 P
558 3524 576 3577 6
592 3523 709 3593 gloriata
726 3539 796 3579 corr.
816 3526 849 3579 isa
865 3524 1016 3594 glorificata
1033 3524 1072 3578 M
1088 3541 1122 3578 m.
1144 3527 1172 3588 2,
1191 3522 1309 3591 gloriata
1325 3535 1354 3573 ce
1376 3520 1432 3593 R,-

290 3611 408 3684 gleriata
425 3615 467 3666 est
483 3627 508 3675 e,
525 3626 574 3664 om.
593 3610 621 3664 P
683 3610 711 3661 et
728 3625 778 3663 om
796 3609 825 3664 R
887 3625 948 3664 eum
964 3609 1127 3663 confessione
1144 3607 1251 3676 quidem
1269 3606 1297 3659 P
1351 3620 1414 3674 per-

289 3701 378 3754 stante
390 3699 424 3762 N,
444 3699 594 3766 perstantes
612 3696 646 3761 P,
664 3699 820 3765 pertentes
842 3695 870 3759 C,
889 3694 1072 3762 perstantibus
1089 3694 1128 3748 Μ
1142 3692 1284 3763 (perstami
1303 3690 1338 3760 Q)

288 3783 304 3835 ‘1
322 3795 389 3851 ques
406 3783 577 3852 confessores]
595 3783 642 3852 qui
659 3782 824 3837 confessione
843 3781 866 3835 0
940 3780 959 3834 8
976 3783 1077 3848 quante
1094 3780 1166 3835 PRe
1243 3779 1273 3832 in
1289 3778 1412 3847 paesium

291 3869 367 3925 CLR
413 3871 489 3923 tante
501 3869 571 3924 PRe
616 3868 816 3931 ChenerestR,
829 3866 966 3920 hencreP
1017 3866 1051 3919 10
1062 3864 1130 3934 acie]
1141 3865 1193 3919 ieie
1206 3865 1234 3920 Ν
1281 3865 1412 3933 magicae

287 3956 409 4025 magist
473 3955 505 4009 11
523 3955 556 4010 ad
570 3958 606 4024 a]
624 3955 693 4010 aba.
713 3955 741 4009 L
804 3954 838 4007 12
855 3951 996 4021 proelium]
1015 3952 1148 4020 praecium
1169 3950 1193 4005 C
1252 3949 1409 4019 prodidistis

291 4043 350 4109 CN,
367 4043 508 4098 redistise
562 4041 597 4098 13
614 4041 669 4096 iam
687 4057 736 4096 esre
761 4040 840 4097 CNR
889 4039 1051 4107 iamiamque
1068 4037 1200 4107 prerimes
1217 4036 1261 4090 Pe
1313 4035 1348 4090 14
1364 4050 1409 4088 eu-

288 4133 344 4186 tem
362 4131 438 4200 ques]
457 4143 519 4183 uere
538 4128 567 4182 P
629 4127 747 4197 agmine]
765 4127 919 4196 cognomine
940 4125 963 4180 C
1030 4124 1066 4182 15
1083 4123 1122 4192 et]
1139 4139 1204 4177 aee
1266 4120 1410 4191 regendum

289 4218 345 4272 PR
413 4217 445 4271 16
462 4214 584 4285 oportuit
601 4214 629 4268 P
696 4212 776 4268 fldem
794 4212 856 4266 fldei
873 4212 1001 4264 firmitate
1019 4208 1110 4295 PNscd
1126 4212 1155 4262 te
1172 4208 1239 4262 edd.
1258 4224 1293 4262 m.
1312 4209 1333 4260 2

289 4301 324 4358 17
342 4317 393 4356 nou
412 4317 445 4355 m.
464 4301 585 4354 terreant
603 4315 652 4353 em.
671 4299 705 4354 Ν
771 4297 805 4352 18
822 4296 869 4365 qui
886 4313 935 4350 ossa
954 4295 983 4350 R
1044 4296 1104 4364 pest
1121 4292 1151 4347 in
1166 4293 1243 4348 uobis
1266 4293 1299 4357 C,
1317 4292 1346 4346 in
1363 4306 1410 4344 no·

288 4387 331 4442 bis
349 4389 390 4441 est
402 4387 447 4442 Pe
499 4385 533 4442 19
553 4386 594 4438 est
612 4401 660 4440 orsa
675 4383 703 4437 P
771 4383 805 4436 21
824 4381 970 4453 gloriosum
982 4381 1015 4434 N
