3025 4967
589 383 682 441 Vita
1127 403 1196 457 xcv

68 540 203 624 sequenti
220 539 417 609 ueneratione
432 540 611 622 suspiciens,
626 558 687 607 non
701 540 765 606 iam
776 542 813 607 ut
823 540 959 607 amicum
974 540 1095 607 animae
1110 558 1197 609 coee-

67 642 197 725 qualem,
214 643 271 709 sed
286 645 448 729 tamquam
460 662 559 712 nonae
573 644 657 713 oilae
670 644 841 727 parentem.
858 642 989 725 denique
1004 643 1059 711 ille
1074 644 1197 711 demul-

67 766 112 813 sus
132 744 296 829 obsequiis
311 747 344 812 in
358 748 483 815 tautum
501 746 677 813 dilectionis
697 747 865 813 immensae
879 746 999 813 moritis
1014 749 1198 829 prouocatus

67 852 117 926 ec,
133 850 174 913 nt
184 850 227 915 dc
238 850 361 917 saeculo
375 851 522 919 excedens
532 850 733 919 accersitione
743 851 806 917 iam
817 850 957 933 proxime
971 850 1199 917 commendaret

53 952 109 1020 silli
123 952 298 1037 coniugem
311 972 348 1021 ac
362 953 477 1019 liberos
488 972 561 1019 suos
574 954 608 1021 et
621 973 714 1037 quem
729 954 846 1023 lecerat
861 955 1009 1021 desectae
1023 954 1197 1023 eommuni-

68 1058 182 1121 mtione
197 1049 386 1140 participem
399 1059 599 1143 postmodum
613 1057 727 1126 smeret
740 1058 868 1139 pietatis
883 1057 1036 1126 heredem.

10 1203 11 1270 p
104 1160 256 1245 Longum
278 1163 326 1226 est
346 1160 393 1227 ire
414 1180 469 1245 per
493 1161 631 1246 singula:
658 1180 838 1230 enumerare
866 1163 977 1229 cuncte
1004 1162 1069 1227 eius
1090 1167 1229 1229 onero-5

10 1285 11 1350 p
68 1282 131 1327 sum
154 1265 216 1328 est.
243 1264 283 1328 ad
303 1263 516 1346 probationem
539 1265 690 1329 bonorum
712 1282 839 1347 Quum
863 1262 963 1331 solum
987 1266 1045 1331 hoc
1065 1265 1201 1331 arbitror

68 1366 140 1431 aiis
155 1384 239 1443 esse,
256 1366 338 1449 quod
352 1366 470 1433 iudicio
482 1366 540 1431 Dei
551 1368 584 1433 et
593 1367 694 1449 plebis
709 1366 815 1433 fauore
830 1368 869 1433 ad
881 1366 1018 1435 officium
1034 1366 1199 1435 sacerdotii

45 1470 96 1534 oet
110 1469 313 1552 episcopatus
328 1469 461 1553 graduum
476 1469 577 1539 adhuc
591 1470 764 1555 neophytus
779 1471 811 1535 et
825 1472 861 1535 ut
875 1470 1046 1552 putabatur
1060 1470 1201 1537 nouellus

69 1572 185 1639 electus
207 1574 266 1637 est
294 1572 438 1655 quamuis
459 1572 622 1657 inprimis
642 1572 715 1639 fidei
738 1592 811 1639 suae
832 1572 932 1639 adhuc
952 1573 1062 1639 diebus
1083 1574 1115 1637 et
1129 1572 1200 1641 rudi

70 1676 153 1743 uitae
168 1676 325 1759 spiritalis
341 1676 443 1742 aelate
456 1674 503 1739 sie
516 1693 664 1759 generosa
677 1676 799 1743 indoles
814 1676 975 1755 reluceret,
996 1677 1032 1741 ut
1047 1675 1107 1743 etsi
1122 1693 1200 1741 nou·

71 1779 142 1845 dum
164 1778 264 1845 officii
278 1778 344 1861 spei
358 1781 464 1844 tamen
478 1778 598 1865 fulgore
612 1777 810 1863 resplendens
825 1779 1020 1847 imminentis
1035 1780 1201 1848 sacerdotii

71 1882 169 1947 totam
184 1880 337 1949 fiduciam
351 1881 559 1966 polliceretur.
575 1900 636 1950 non
649 1882 826 1965 praeteribo
842 1883 937 1949 etiam
949 1883 1029 1950 illud
1041 1884 1201 1961 eximium,

10 2075 11 2078 Ἴ
45 2006 64 2043 c
72 1983 336 2065 quemadmodum
351 2002 422 2051 cum
433 1985 466 2053 in
477 1984 674 2051 dilectionem
688 1986 755 2051 eius
767 1988 798 2051 et
810 1986 954 2053 honorem
969 1987 1054 2053 totus
1069 1986 1202 2068 populus

10 2127 11 2130 π
72 2088 248 2171 inspirante
260 2088 394 2157 Domino
405 2088 571 2173 prosiliret,
588 2089 750 2155 humiliter
759 2090 814 2155 ille
825 2090 961 2167 secessit,
974 2089 1202 2172 antiquioribus

74 2192 183 2256 cedens
199 2192 235 2255 et
247 2190 417 2278 indiguum
430 2211 464 2257 se
479 2192 572 2256 titulo
593 2192 675 2257 tanti
689 2193 812 2259 honoris
827 2192 1017 2274 existimans,
1038 2194 1074 2259 ut
1088 2193 1203 2275 dignus

74 2295 178 2381 ungis
199 2294 299 2364 fieret.
320 2296 422 2381 magis
441 2296 526 2363 enim
540 2296 653 2379 diguus
667 2295 811 2374 efficitur,
835 2297 888 2379 qui
903 2297 985 2379 quod
999 2297 1136 2363 meretur
1150 2314 1203 2362 ex-

76 2400 174 2463 cusat
199 2415 262 2480 quo
283 2398 359 2466 tunc
378 2396 487 2468 ardore
506 2396 594 2485 plebs
608 2399 752 2468 aestuem
767 2398 947 2477 fluctuabat,
968 2398 1104 2481 spiritali
1121 2399 1203 2465 desi·

50 2500 161 2567 odorio
182 2500 412 2582 coucupiscens,
434 2501 471 2569 ut
485 2500 585 2567 exitus
605 2500 718 2580 docuit,
740 2521 801 2567 uon
816 2502 993 2585 episcopum
1007 2502 1146 2573 tautum
1168 2502 1202 2567 in

77 2622 109 2673 eo
120 2604 209 2673 enim
221 2622 317 2687 quem
328 2604 402 2669 tunc
416 2602 529 2669 latenti
543 2603 721 2671 diuinitatis
734 2605 894 2687 praesagio
909 2604 1015 2671 taliter
1030 2603 1203 2687 flagitabat,

76 2726 134 2773 nou
150 2706 350 2772 solummodo
365 2706 555 2772 sacerdotem
569 2706 624 2775 sed
635 2708 668 2771 et
678 2707 820 2774 fcturum
835 2708 1004 2788 martyrem
1019 2697 1203 2787 requirebat.

77 2810 242 2874 obsederat
265 2809 347 2875 fores
371 2810 481 2876 domus
502 2809 624 2893 copiosa
646 2809 823 2878 fraternitas
843 2812 875 2875 et
895 2828 949 2891 per
971 2824 1077 2879 omnes
1099 2809 1204 2877 adicus

11 2927 12 2996 p
78 2913 215 2978 sollicita
231 2912 345 2977 caritas
360 2912 519 2977 cirmibat.
537 2913 689 2994 potuisset
705 2912 833 2977 fortasse
848 2913 921 2977 tuuc
937 2912 987 2976 illi
1002 2911 1205 2994 apostolicum

52 3016 158 3082 sillud
177 3000 314 3093 euenire,
337 3014 417 3097 quod
432 3014 542 3093 uoluit,
562 3016 599 3083 ut
613 3034 669 3103 per
682 3014 850 3083 fenestram
865 3014 1076 3097 deponeretur,
1099 3014 1125 3079 si
1141 3015 1205 3083 iem

12 3247 13 3284 ᾗ
127 3221 340 3291 lsuscipieusw
389 3218 544 3275 idemulsis
556 3220 587 3283 Τ,
599 3219 631 3273 dc
642 3219 737 3275 multis
749 3224 776 3287 t,·
789 3218 846 3273 eius
858 3218 949 3273 oddo
1000 3218 1173 3275 emeseno

12 3297 13 3390 l
79 3308 285 3361 emisione
295 3322 319 3371 c,
331 3305 479 3361 accersione
489 3304 548 3373 «σμ’
655 3304 721 3373 bet]
734 3306 794 3361 uto
895 3304 1161 3361 communicationem
1176 3304 1207 3371 Τ,

12 3395 14 3496 l
81 3394 267 3447 communione
280 3409 342 3463 eope
419 3391 564 3460 epistates
579 3390 816 3461 zpieteetpeoc
829 3390 959 3461 ctrpatio
972 3394 989 3445 2
1002 3391 1052 3445 liet.
1065 3389 1173 3455 relecto)

82 3479 272 3546 liremrcccp
405 3478 569 3547 siugulaeT
698 3488 836 3531 numerare
851 3476 903 3543 Τμ,
914 3476 1037 3531 nuntiare
1048 3491 1080 3539 m,
1093 3490 1174 3531 oceo

82 3570 177 3619 cuncta
190 3566 353 3620 ...estora
366 3580 391 3619 co
468 3560 813 3625 cenomannensem.
894 3558 1174 3630 eim1feotendd.pc

13 3667 14 3698 e
84 3646 685 3721 sest12narrareadc.a,enumerereaddc
785 3647 925 3705 essetf
1020 3647 1052 3704 11
1064 3645 1175 3703 rediero

85 3724 390 3807 lirpr'raliscutsolet
507 3734 639 3791 reluxerat
652 3748 676 3785 w
797 3733 831 3787 13
843 3748 889 3801 spe
900 3734 959 3803 cp¹
1074 3735 1210 3787 temencc

86 3810 234 3893 teneor]
343 3821 511 3891 minorue
613 3818 755 3875 dilectione
767 3818 824 3873 eius
837 3820 864 3873 et
875 3819 1011 3877 honoreT
1117 3819 1149 3873 16
1160 3818 1208 3877 ad·

87 3912 203 3978 spirante
214 3928 240 3973 c,
251 3909 373 3977 spirante
386 3925 431 3977 wc
504 3906 645 3981 prosileret
660 3908 708 3965 rw
786 3906 818 3959 17
832 3905 961 3961 selenae
1027 3903 1179 3974 dignumT

88 3995 118 4047 18
128 3996 254 4063 meretur]
266 3994 349 4051 timot
359 4011 385 4049 w
486 3994 521 4051 1e
533 3996 654 4050 estuante
665 4011 711 4063 cop
808 3992 843 4047 20
854 3994 962 4049 tontum
974 3989 1124 4059 episcopum
1137 4004 1178 4043 roc

89 4081 458 4145 instantiamlsteutcmc
554 4080 719 4149 'presagium
821 4078 855 4131 22
868 4078 982 4131 stom
1080 4074 1210 4147 loturum]

90 4168 168 4224 mm
180 4167 276 4225 adde
410 4164 619 4234 requirebantT
753 4164 888 4233 24poseet
899 4164 964 4219 tuuc
975 4160 1018 4217 illi
1030 4158 1178 4217 fortassee

90 4252 250 4311 aermnae
263 4254 296 4322 Τ,
308 4253 451 4313 conuenire
462 4268 487 4305 rc
607 4252 748 4310 fenistram
763 4252 788 4305 T
907 4249 962 4305 iam
973 4248 1034 4301 tum
1048 4248 1100 4315 Τμ,
1112 4246 1166 4303 iam
1178 4262 1211 4311 rc,

93 4339 396 4403 temencan,cnmc
