3025 4967
340 409 433 460 CXIV

320 552 341 615 0
392 550 507 619 Passus
533 558 580 622 eet
604 562 709 626 autem
734 564 932 635 beatissimus
956 568 1125 653 cyprianus
1151 571 1270 657 martyr
1292 574 1342 639 die
1362 578 1465 642 octaua

350 654 469 723 decima
483 661 684 731 kalendarum
695 666 878 736 Octobrium
892 672 949 737 sub
961 672 1126 741 Valeriano
1139 678 1170 741 at
1181 674 1323 741 Gallieno
1338 678 1465 760 impara-

349 763 466 829 toribus
487 772 634 853 regnante
653 792 726 839 uero
740 774 873 840 Domino
889 778 994 841 nostro
1009 778 1081 843 Iesu
1096 776 1228 859 Christo,
1248 780 1299 845 cni
1315 782 1362 846 est
1376 782 1465 849 honor

346 869 380 933 et
393 873 494 957 gloria
506 877 539 941 in
554 878 679 943 saecula
693 879 894 945 saeculorum.
912 898 1011 946 amen.

612 1596 860 1709 INDEX
896 1598 1209 1712 OPIIRVM

469 1821 548 1887 quae
570 1800 689 1868 duobus
711 1802 869 1869 fasciculis
892 1806 923 1869 et
945 1805 1111 1889 appendice
1133 1806 1337 1873 continentur.

440 1964 526 2057 saec.
550 1991 596 2055 11
809 1992 990 2057 imnum:
1348 2040 1358 2053 ,
1404 2051 1459 2105 Μ,

399 2129 489 2194 Iao
503 2130 663 2202 Donatum
713 2176 1361 2196 .............
1442 2132 1459 2195 3

379 2242 413 2305 Π
435 2239 524 2320 Quod
538 2242 622 2307 idola
638 2242 682 2306 dii
697 2260 757 2307 non
773 2242 837 2307 sint
872 2292 1147 2309 ......
1166 2290 1200 2329 ἱ.
1245 2292 1252 2307 .
1298 2290 1305 2306 .
1351 2290 1359 2306 .
1425 2242 1460 2306 19

361 2352 412 2416 ΙΠ
433 2353 485 2417 Ad
500 2351 665 2432 Quirinum
681 2352 957 2439 (Testimoniorum
974 2352 1049 2418 libri
1064 2352 1141 2437 tres)
1191 2401 1199 2417 .
1244 2402 1252 2417 .
1300 2403 1307 2415 .
1354 2401 1362 2418 .
1425 2358 1462 2423 35

368 2464 414 2529 IV
434 2465 481 2529 Da
495 2464 606 2529 habitu
621 2464 780 2549 uirginum
815 2513 1359 2533 ...........
1409 2468 1463 2533 187

381 2576 411 2639 V
433 2576 480 2641 De
495 2577 662 2644 catholicae
677 2572 823 2643 ecclesiae
838 2576 960 2642 unitata
977 2626 1357 2644 ........
1400 2580 1458 2646 209

361 2687 408 2753 VI
429 2689 476 2754 De
490 2690 586 2774 lapsis
650 2737 873 2755 .....
888 2750 891 2757 ,
919 2738 1355 2757 .........
1399 2692 1456 2757 237

347 2800 411 2865 VH
432 2802 480 2867 De
495 2801 649 2866 dominica
663 2802 801 2867 emtione
865 2848 1354 2867 ..........
1398 2802 1455 2868 267

332 2910 413 2976 VIII
433 2913 480 2976 Da
493 2913 688 2977 mortalitate
707 2959 1353 2979 .............
1397 2914 1454 2978 297

359 3022 407 3087 IX
427 3023 479 3088 Ad
493 3022 698 3089 Fortunatam
715 3025 774 3103 (De
789 3024 999 3091 exhortatione
1014 3024 1194 3109 martyrii).
1239 3073 1248 3091 .
1295 3076 1303 3090 .
1350 3074 1358 3091 .
1398 3026 1457 3099 Ι317

377 3134 408 3198 X
429 3134 480 3199 Ad
495 3136 729 3201 Demetrianum
761 3182 1301 3202 ...........
1351 3163 1358 3178 ·
1402 3136 1458 3201 351

359 3244 407 3309 XI
426 3246 472 3311 De
487 3263 575 3328 opere
590 3249 621 3312 et
636 3248 837 3331 eleemosynis
866 3294 1356 3313 ..........
1400 3247 1457 3312 373

339 3356 404 3422 XII
425 3360 472 3423 De
488 3359 755 3444 benepatientiac
811 3406 1139 3424 .......
1174 3378 1191 3424 ’.
1237 3408 1245 3424 .
1291 3408 1299 3425 .
1344 3408 1350 3422 .
1396 3358 1453 3422 397

327 3468 407 3533 XIII
430 3472 476 3537 De
492 3472 556 3537 zelo
571 3472 603 3535 et
617 3471 716 3535 liuore
757 3518 1355 3535 ............
1397 3468 1456 3533 419

326 3581 403 3647 XIV
425 3582 604 3649 Sententiae
618 3582 829 3665 episcoporum
847 3580 884 3647 de
898 3580 1062 3647 haereticis
1077 3581 1271 3664 baptizandis
1291 3632 1297 3647 .
1344 3632 1352 3648 .
1395 3578 1456 3645 435

798 3782 1002 3793 ——-.-.—.....

427 3898 514 3966 rese.
538 3900 572 3964 11
641 3879 645 3887 '
768 3898 1017 3965 ermemiro:

346 4040 364 4105 1
387 4036 556 4123 Cyprianus
576 4039 764 4122 presbyteris
850 4036 964 4103 Furnio
986 4036 1242 4103 consistentibus:
1265 4034 1346 4102 (ira-

468 4152 550 4216 uitar
565 4151 700 4217 conmoti
716 4151 765 4216 etc
767 4194 1347 4215 ............
1391 4140 1454 4209 465

344 4264 366 4328 2
388 4262 559 4348 Cyprianus
573 4264 735 4329 EuoratIo:
750 4261 811 4326 Pro
827 4261 993 4327 dilectione
1022 4305 1348 4326 .......
1391 4254 1452 4319 467

344 4375 559 4461 30yprianus
574 4374 764 4459 Rogatiano:
781 4373 927 4440 Grauiter
942 4374 973 4439 et
989 4372 1129 4440 dolenter
1179 4420 1187 4435 .
1232 4419 1240 4435 .
1287 4420 1294 4435 .
1340 4418 1347 4433 .
1390 4365 1451 4430 469
