3025 4967
1168 436 1217 484 vn

84 577 285 662 ommam„
306 596 383 643 eum
406 596 444 642 er
467 576 582 642 codicis
605 574 795 658 Seguieriam
820 574 985 657 archetypo
1009 574 1090 637 inter
1113 591 1218 637 omnes

82 707 146 772 quos
159 688 222 752 scio
239 688 349 753 libros
364 688 476 754 nullus
490 688 625 767 fluxerit,
647 686 736 751 cuius
751 685 938 751 lectionibus
952 684 1029 766 quid
1043 683 1152 749 mode
1166 685 1218 749 nel
1310 691 1313 696 '

79 820 168 866 errore
192 800 228 864 in
252 799 358 865 illum
384 801 455 866 tam
480 799 677 883 neglegenter
699 798 892 881 desumptum
915 795 1079 878 inrepserit
1103 796 1217 861 certius

81 911 292 995 intellegatur,
321 911 379 977 hic
402 910 473 977 illie
495 912 527 976 in
550 909 749 975 diiudicanda
774 909 906 973 lectione
932 906 1098 973 oscitanter
1122 906 1217 984 haesi,

81 1023 219 1087 nonnulla
230 1041 319 1105 quae
332 1023 369 1087 iu
383 1024 508 1089 textum
519 1020 651 1104 recipere
666 1019 817 1085 debebam
833 1019 934 1085 reieci.
950 1037 1046 1101 quare
1060 1018 1217 1084 occasione

81 1134 170 1199 oblata
190 1135 357 1220 grauiora
378 1135 474 1199 liceat
494 1134 676 1199 retractare:
697 1151 767 1217 pag.
786 1129 1075 1211 laetarentur
1090 1130 1217 1195 unicum

79 1246 265 1313 obsoletioris
296 1247 424 1313 formae
450 1246 625 1328 exemplum
649 1243 670 1311 S
695 1246 778 1311 reete
803 1244 937 1309 seruerit
962 1243 996 1307 in
1020 1242 1070 1307 his
1095 1240 1226 1319 uerbisi

78 1359 187 1425 tiaeeet
202 1361 266 1441 qui
284 1364 444 1424 meatur
459 1378 580 1441 aquam
593 1376 739 1440 quoqne
759 1356 841 1423 ierit.
864 1376 937 1421 nam
959 1374 1030 1419 cum
1046 1353 1217 1437 cyprianus

77 1471 189 1537 atltals
203 1480 295 1554 quae
311 1470 436 1537 dicitur
452 1474 541 1538 uetus
555 1472 685 1552 qctsqqe
695 1488 750 1555 pro
762 1469 905 1551 quisquis
920 1468 1035 1550 ubique
1049 1466 1113 1535 fere
1128 1486 1217 1532 usur-

77 1584 361 1667 pentinopistulis
371 1604 402 1668 p.
413 1585 528 1662 737,st
538 1584 713 1667 qutquepro
720 1583 905 1663 quicumque
912 1580 964 1663 (cl.
973 1581 1055 1664 App.
1064 1580 1215 1663 p.30‚15;

76 1696 173 1781 talo)
196 1700 231 1761 et
255 1696 351 1777 apud
374 1694 521 1779 Cypriani
542 1695 734 1761 imitatorem
751 1693 833 1776 App.
855 1712 885 1775 p.
910 1692 980 1770 14‚7
1004 1711 1141 1773 quaeqae
1162 1708 1216 1773 pro

78 1826 285 1889 areamque
299 1810 464 1886 occurrat·
474 1806 599 1873 uidetur
613 1806 709 1872 etiam
724 1805 788 1870 dici
800 1805 939 1887 potuisse
950 1822 1067 1883 qaoque
1077 1819 1132 1884 pro
1143 1821 1218 1883 quo-

80 1939 212 2001 mque·
224 1920 288 1984 sed
299 1920 335 1983 in
348 1922 439 1985 tante
450 1918 678 2002 deprauationis
688 1916 887 2000 procliuitate
898 1916 1014 1997 quanta
1023 1915 1072 1979 est
1081 1915 1114 1979 in
1125 1932 1216 1980 uoca—

81 2031 140 2095 ooo
164 2016 412 2108 caecutio.
434 2029 515 2095 nihil
535 2030 671 2095 neema
690 2065 734 2075 -
748 2047 819 2112 pag.
844 2027 960 2105 roone
980 2026 1149 2111 qnorum
1169 2029 1217 2090 esc

80 2143 148 2225 quod
162 2142 186 2209 S
202 2144 354 2209 exhibet:
370 2142 409 2206 ie
422 2142 591 2223 scriptoris
604 2142 753 2223 fereper
767 2140 899 2205 omnic
913 2139 946 2222 (i.
964 2157 989 2203 e.
1005 2137 1128 2218 abique,
1143 2137 1217 2202 reli·

81 2255 126 2337 qui
138 2255 215 2321 libri
232 2254 399 2341 manetes)
419 2253 464 2318 rui
473 2253 705 2336 protoplastem
719 2252 797 2319 deas
811 2250 958 2333 aquirie
981 2250 1027 2313 sic
1042 2250 1124 2313 enim
1140 2249 1217 2314 dicit

83 2366 248 2450 i'pprianus
271 2388 304 2451 p.
322 2368 442 2445 276‚24
457 2386 518 2447 per
538 2366 646 2431 oracio
667 2365 799 2447 obsequi,
822 2357 942 2442 4ll‚15
956 2381 1017 2443 per
1036 2360 1145 2425 emota
1162 2360 1218 2425 deo

79 2478 207 2559 plaeere,
234 2480 338 2558 6443
358 2499 417 2560 per
437 2480 546 2542 omnio
567 2477 742 2559 acqualiter
763 2476 916 2542 indicere.
939 2472 1156 2550 cf.A.14‚11.
1177 2506 1215 2518 -·

83 2611 146 2676 pag.
163 2592 277 2669 2005,
294 2592 333 2656 ut
346 2591 381 2655 in
394 2592 573 2657 tanscursu
589 2608 742 2669 moneam,
765 2588 880 2654 rectius
895 2586 964 2651 illis
978 2586 1011 2650 in
1026 2584 1096 2649 illic
1110 2585 1215 2647 muta-

84 2706 130 2767 tur
144 2722 243 2785 quam
261 2722 335 2768 cum
351 2701 482 2785 uulgata
496 2700 549 2765 itti
563 2701 681 2786 legitur
692 2700 725 2765 in
736 2700 856 2765 uerbis:
872 2699 943 2780 quis
956 2696 1025 2762 illic
1039 2696 1076 2759 ia
1091 2695 1215 2777 nuptiis

83 2812 162 2879 laus
176 2820 232 2879 est.
249 2815 335 2898 quod
347 2832 386 2879 nc
401 2814 565 2897 displiceat
579 2812 698 2879 faciunt
712 2812 829 2877 similia
843 2830 914 2895 pag.
930 2810 1028 2887 497,3
1041 2808 1111 2873 e'tto'c
1125 2807 1223 2890 apud,
1318 2867 1321 2873 .

80 2924 214 3001 deciens,
235 2927 355 3003 515‚17
377 2925 446 2991 illic
465 2925 554 3006 amad
571 2944 627 2989 eos
642 2925 761 3003 638‚23
776 2924 846 2989 istic
860 2924 898 2986 ia
907 2919 1080 3003 proniorem
1094 2922 1214 2997 metro,

83 3037 178 3115 6175
199 3038 296 3103 illine
311 3037 352 3101 ab
365 3038 449 3115 urbe,
471 3038 568 3115 618‚4
587 3036 681 3102 illine
696 3056 717 3101 a
732 3035 830 3112 cotto,
850 3035 968 3113 364,18
983 3033 1079 3097 istinc
1093 3032 1131 3096 ote
1145 3049 1214 3095 eue-

80 3148 145 3212 csto
166 3151 229 3214 etc.
253 3146 357 3213 slmili
381 3166 482 3213 errore
503 3148 573 3212 iltis
594 3165 650 3229 pro
672 3146 740 3211 illic
763 3146 922 3213 exhibetS
946 3164 1016 3229 pag.
1042 3143 1158 3221 756‚18
1182 3144 1214 3207 et

82 3260 191 3342 reliqui
206 3262 342 3344 saepius.
355 3297 398 3308 -
409 3280 481 3344 pag.
498 3260 617 3336 20322
632 3263 665 3324 et
678 3260 718 3324 27
722 3260 795 3335 1,1o
810 3276 871 3323 non
885 3257 1035 3323 debebam
1050 3275 1086 3320 ex
1102 3254 1123 3318 S
1137 3256 1214 3318 dam

83 3372 230 3454 recipere;
253 3372 434 3454 saepissime
454 3372 538 3437 euim
553 3373 585 3438 in
601 3389 636 3438 eo
651 3370 728 3435 dam
743 3373 775 3434 et
789 3390 860 3434 arm
879 3367 1110 3434 confunduntur
1125 3366 1214 3431 uelut

82 3500 109 3561 p.
131 3483 245 3565 290,2;
272 3482 407 3561 211‚19;
432 3482 544 3565 262,8;
572 3482 706 3562 305,26;
732 3482 830 3558 411,6
845 3499 971 3565 -pag
998 3479 1116 3556 238‚24
1141 3496 1213 3542 cum

83 3593 146 3673 pari
163 3593 319 3658 facilitate
333 3594 428 3658 mam
443 3594 601 3658 mantiam
614 3594 648 3659 in
662 3594 833 3658 intentiosa
847 3591 882 3676 (i.
900 3612 924 3656 e.
942 3587 1111 3675 maminot)
1128 3588 1213 3653 abire

84 3704 174 3785 atque
196 3704 367 3769 mium
380 3704 414 3769 in
427 3705 523 3769 tetum
543 3705 699 3769 nomam
719 3704 834 3788 corrigi
853 3703 1001 3785 potuerit,
1023 3701 1045 3765 S
1059 3702 1213 3782 scriptura

86 3814 282 3896 praeferenda
303 3818 352 3901 est
371 3835 448 3897 quae
462 3816 600 3898 proximo
615 3816 698 3881 turn
713 3816 956 3882 commendatur.
976 3857 1012 3866 -
1029 3833 1099 3898 pag.
1116 3812 1212 3886 256,9

86 3926 312 3991 inuerborum
340 3928 492 4010 positione
516 3932 545 3992 ct
569 3928 626 4009 qai
655 3928 741 3993 altres
766 3932 794 3991 et
820 3928 887 4009 ipse
916 3925 1105 4001 mactatus,
1135 3941 1212 4005 quae

87 4036 245 4103 Manutius
259 4038 454 4121 transposuit
468 4041 503 4104 nt
514 4040 595 4105 edidi
611 4044 639 4105 ct
654 4040 741 4105 ottae
755 4040 822 4120 qai,
836 4039 902 4105 iam
916 4056 977 4103 non
992 4036 1123 4112 offendo,
1139 4054 1212 4100 cum

88 4148 185 4213 simile
204 4148 334 4231 praesto
352 4148 397 4214 sit
410 4149 519 4233 284,ss
535 4157 562 4217 et
577 4152 633 4233 qut
647 4170 766 4217 sacae.
785 4190 826 4199 —
840 4170 911 4236 pag.
927 4148 1043 4231 263,st
1059 4169 1111 4216 me
1124 4149 1212 4232 piget

88 4276 184 4323 raram
199 4258 345 4323 formam
361 4260 459 4337 scibis
473 4262 555 4329 cuius
570 4264 749 4331 testimonia
764 4264 914 4329 nonnulla
928 4262 1066 4327 Roonsoh
1083 4263 1116 4325 iu
1131 4259 1211 4328 libro

90 4368 172 4432 liuto
193 4368 268 4433 aad
293 4368 438 4449 Vulgata
456 4370 593 4459 ascopa>
613 4394 683 4459 pag.
700 4376 765 4442 292
786 4375 950 4459 congessit,
973 4374 1120 4456 uolgatae
1135 4375 1211 4439 scies
