3025 4967
316 401 455 455 Lxxxvl

317 544 408 608 librie
430 560 526 608 manu
551 541 676 623 seriptis
700 540 892 622 inaequalem
919 539 1101 623 plerumque
1121 552 1245 621 'opemm
1270 540 1446 605 oollooabat

317 654 459 721 mutem
480 653 649 735 selmum
669 667 730 716 nen
750 651 798 716 ita
819 653 958 715 enotaeoe
973 652 1009 715 ut
1024 650 1099 732 quid
1119 650 1236 735 singuli
1252 651 1391 716 ualerent
1408 654 1441 717 et

315 766 370 831 obi
389 765 526 830 {emiliae
547 765 650 830 essent
670 763 864 829 adscribendi
886 764 1003 828 oertiue
1021 762 1141 827 definiri
1156 764 1266 844 posset.
1295 764 1441 841 minime,

312 878 382 960 ipse
400 877 454 952 uit
478 876 673 956 mordeam
686 876 724 938 ia
737 874 822 939 leisoe
840 875 982 938 onerabere
999 873 1190 957 erindradis,
1215 876 1263 937 itu
1277 874 1439 939 serutlder

313 986 484 1069 addietum,
500 990 612 1051 ut'eoe
622 984 739 1067 otiosus
746 984 831 1049 ultre
839 985 1055 1065 praeterires,
1071 1002 1152 1065 quoe
1161 989 1218 1048 oret
1229 984 1440 1050 liberiorem

314 1098 478 1181 mereipesti
501 1112 628 1179 errores,
655 1102 712 1162 oet
737 1097 865 1161 mirera
892 1100 984 1161 orout
1008 1114 1104 1177 meam
1129 1100 1164 1159 ol
1187 1095 1291 1161 boort
1316 1114 1440 1161 morem

311 1212 461 1293 florerent.
496 1210 628 1275 mallem
658 1225 776 1292 paucos
808 1209 986 1274 adnotasset
1020 1208 1219 1273 librariorum
1253 1206 1438 1273 manifestos

312 1338 428 1387 errores
454 1340 545 1404 quam
569 1323 693 1387 eentum
716 1338 803 1385 ueras
825 1320 982 1385 lectiones.
1009 1320 1042 1383 in
1058 1320 1206 1403 scriptore
1220 1320 1303 1384 enim
1319 1320 1437 1385 totiens

314 1411 470 1517 descripto
493 1433 634 1497 oodioum
656 1432 881 1516 praestantium
900 1432 1002 1497 multo
1021 1432 1122 1517 magis
1143 1450 1249 1496 eomm
1271 1431 1439 1510 erroribus,

314 1546 369 1629 qui
384 1546 420 1609 ut
434 1544 603 1628 genmnum
623 1544 821 1609 inuenturum
840 1544 986 1623 effitiunt,
1008 1558 1101 1625 uuam
1116 1543 1315 1609 librariorum
1329 1542 1439 1625 politis

312 1656 577 1721 emendationibus
599 1653 712 1738 quibus
737 1655 972 1737 adbuieeoamus
992 1655 1115 1738 saepius
1135 1671 1256 1719 neeesse
1272 1658 1328 1733 est,
1351 1654 1438 1719 oerui

311 1768 381 1851 puis
401 1768 546 1834 neseiat?
562 1768 616 1833 sed
632 1768 682 1832 uel
697 1769 742 1832 sio
757 1767 966 1832 eeriissirnum
982 1770 1030 1831 est
1044 1784 1082 1831 ne
1097 1780 1193 1831 unum
1210 1766 1335 1849 quidem
1351 1766 1438 1831 inter

313 1898 420 1947 omnes
440 1882 516 1945 illos·
532 1882 650 1945 audires
670 1882 791 1945 exstare
810 1880 991 1963 integritate
1013 1879 1059 1943 ita
1073 1878 1236 1962 insignem,
1260 1878 1315 1959 qui
1328 1878 1361 1943 in
1376 1878 1437 1943 heo

311 1992 488 2057 recensione
508 1982 603 2056 luerit
624 1989 826 2057 adhibendus.
849 2008 947 2073 neque
970 1988 1037 2073 ipse
1050 1990 1238 2055 meldanus
1265 1991 1281 2053 1
1304 1991 1437 2056 rariores

311 2105 462 2189 epistulas
483 2105 515 2169 et
534 2096 640 2169 Pontii
662 2103 763 2168 uitam
784 2102 941 2168 contuens
962 2102 1016 2185 qui
1036 2098 1094 2165 lroo
1114 2114 1243 2166 nurnero
1262 2101 1439 2183 arripiatur

311 2214 424 2300 dignus
445 2216 500 2279 est.
524 2231 598 2279 nam
613 2215 689 2297 qurin
702 2216 734 2279 et
748 2215 815 2297 ipse
830 2232 866 2278 ex
880 2214 1046 2298 Reginenei
1061 2213 1141 2278 libro
1158 2212 1352 2297 litterarii
1365 2214 1435 2277 eine

311 2327 473 2408 seripturis
488 2326 602 2391 leuiter
609 2326 759 2407 inspeetis
773 2342 862 2389 nemo
877 2322 1043 2389 dubitabit.
1060 2337 1247 2407 quemquam
1261 2324 1311 2388 illi
1322 2324 1435 2389 molle

309 2455 359 2505 res
380 2453 486 2503 omues
508 2439 582 2502 sunt
603 2454 697 2519 quam
720 2454 756 2501 ex
779 2436 891 2519 quibus
905 2436 1064 2501 Pamelius
1090 2437 1246 2521 seripturis
1269 2437 1436 2503 uerbere

310 2550 502 2633 praebuerat.
529 2566 623 2632 qnare
637 2550 665 2613 ei
679 2547 786 2615 Fellus
809 2566 913 2614 eorum
933 2550 1100 2633 soriptmus
1115 2550 1148 2615 in
1162 2553 1280 2614 terbum
1297 2549 1435 2633 resipere

312 2676 406 2744 qnam
426 2659 525 2726 textui
548 2662 685 2727 subicere
707 2662 879 2741 maluisset
907 2661 1094 2745 Cypriorum
1108 2663 1178 2744 plus
1193 2662 1344 2727 sexcentis
1357 2656 1436 2725 leoir

312 2772 565 2857 optimepoterat
580 2774 749 2839 emendare.
1153 2766 1158 2799 '

250 2927 263 2957 0
352 2886 531 2950 Postremus
546 2884 666 2969 ingenti
681 2886 821 2951 eodioum
835 2900 963 2950 nurnero
978 2885 1158 2962 instruetur,
1174 2882 1287 2965 quibus
1302 2883 1334 2947 in
1351 2900 1437 2947 oom-

252 2996 288 3026 ““·
313 2996 476 3081 portandis
486 2999 518 3061 eb
529 2994 708 3062 euoluendis
722 2999 794 3080 plne
810 2998 987 3080 quindecim
1003 3011 1096 3061 anuos
1112 2994 1265 3060 indelessa
1280 2995 1439 3061 industria

310 3108 549 3189 compertae,
579 3108 745 3174 editionem
774 3110 901 3191 peronii
924 3107 1097 3191 Stephanos
1123 3108 1273 3173 Batonius
1303 3124 1437 3189 eamque

309 3206 337 3286 a
362 3217 443 3284 1111
464 3219 550 3302 typis
570 3220 671 3302 coepit
691 3219 871 3298 describere,
894 3219 1070 3285 inoboatnm
1090 3236 1161 3284 eum
1183 3219 1248 3301 ipse
1270 3218 1311 3283 28
1333 3236 1436 3284 mene.

308 3332 367 3397 Iul.
381 3349 407 3397 a.
423 3331 505 3397 1118
517 3330 560 3398 88
571 3349 665 3398 annos
679 3334 770 3397 natus
782 3333 907 3410 obisset,
923 3326 1112 3397 Prudentius
1124 3332 1271 3396 Muranus
1283 3326 1436 3410 absoluit,

307 3442 359 3508 oui
383 3457 511 3526 operum
536 3444 710 3525 spuriorum
734 3444 978 3509 emendationem
1002 3444 1165 3519 debemus;
1193 3442 1329 3529 genuina
1348 3442 1436 3509 enim

306 3554 436 3618 Bulmie
469 3555 635 3619 etiamtum
670 3554 743 3620 uiuo
778 3555 929 3638 impresse
958 3558 1061 3634 erent:
1095 3572 1189 3637 quaro
1219 3555 1273 3619 ubi
1303 3555 1338 3619 in·
1364 3552 1437 3619 illie

305 3664 429 3729 Baleaii
443 3665 610 3729 editionem
626 3666 731 3746 uitaui,
747 3665 1039 3733 Prudentiildarsni
1054 3666 1140 3731 uolui
1155 3666 1299 3750 intellegi
1314 3682 1435 3731 mnam.

306 3771 378 3840 inde
407 3788 481 3840 eero
509 3776 626 3840 laetum
657 3778 705 3842 est
733 3777 769 3841 ut
798 3776 1010 3843 adnotationes
1040 3778 1079 3843 ad
1108 3794 1200 3861 opera
1228 3776 1435 3860 suppositioia

305 3885 372 3951 iere
392 3887 498 3952 nullae
521 3888 723 3967 eliderentur,
748 3888 823 3954 dnm
845 3890 961 3971 seripta
982 3890 1117 3974 genuina
1137 3888 1304 3955 uberrimis
1325 3904 1434 3953 rerum

306 3994 485 4061 oritloarum
510 4000 544 4062 et
568 4000 796 4082 exegetiourum
825 4002 1057 4067 commentariis
1084 4001 1251 4066 abundant.
1283 4000 1434 4065 Bulurius

256 4110 259 4117 '
305 4106 389 4172 enim
412 4109 515 4174 uarias
538 4109 686 4176 lectiones
700 4112 733 4175 in
748 4112 889 4197 margine
913 4113 1086 4178 editionum
1109 4114 1326 4195 exscripserat3
1351 4129 1433 4195 quue

305 4231 376 4284 oum
402 4236 474 4283 mor
497 4223 568 4304 post
592 4225 737 4288 mortem.
753 4224 819 4289 eius
845 4241 916 4290 oum
942 4225 1012 4290 aliis
1040 4242 1117 4308 quos
1138 4224 1314 4307 possidebat
1339 4223 1433 4291 libris

302 4328 471 4398 distraotee
493 4337 604 4412 essent,
627 4335 709 4399 nilril
730 4335 799 4401 iere
817 4336 938 4402 inuenit
953 4337 1109 4419 bimanus,
1133 4356 1188 4402 neo
1210 4336 1248 4402 de
1271 4336 1435 4403 oodloibus
