3025 4967
20 491 25 670 b
94 591 238 657 ecclesiae
258 590 321 656 iter
341 590 482 654 medinm
501 588 616 654 librato
635 589 739 653 limito
755 588 950 673 gubernaret.
978 608 1038 655 non
1052 589 1137 664 bcoc,
1156 606 1218 668 oro,

614 432 704 487 vica.
1135 450 1220 499 xm

94 694 221 759 consilia
246 694 357 758 diuina
382 694 478 758 sunt?
503 693 561 758 hoc
587 692 656 757 fieri
679 692 746 757 sine
768 691 833 755 Deo
855 692 981 773 potuit?
1006 692 1143 757 uiderint
1166 694 1219 777 qui

19 816 27 916 p
93 800 203 882 putant
227 816 318 881 posse
343 797 477 863 fortuitu
502 797 563 861 ista
586 796 773 879 contingere.
800 792 928 860 ecclesia
952 796 1017 860 illis
1039 797 1124 861 clara
1145 815 1219 863 uoce

92 901 256 983 respondet
282 901 403 966 dicens:
430 918 487 984 ego
512 899 579 964 sine
600 898 658 963 Dei
681 901 761 963 nutu
783 898 967 964 necessarios
987 900 1137 964 reseruari
1159 917 1220 965 non

19 995 20 1020 ¹
75 1005 234 1081 saumirto,
249 1023 312 1069 non
326 1005 428 1069 credo.

128 1108 355 1173 Percnxramns
383 1108 488 1172 tamen
516 1108 626 1183 cetera,
662 1106 690 1169 si
718 1105 852 1171 uidetur.
889 1106 991 1189 erupit
1019 1107 1248 1189 postmodumt

90 1213 154 1276 lues
176 1211 249 1276 dira
272 1213 305 1276 et
327 1210 522 1277 detestabilis
545 1209 648 1275 morbi
669 1209 805 1275 uastitas
828 1208 936 1287 nimia,
963 1210 1140 1275 innumeros
1162 1230 1218 1293 per

17 1321 18 1326 ’
89 1316 169 1379 diem
189 1315 323 1397 populos
344 1314 383 1380 ad
404 1333 492 1379 suam
512 1331 665 1396 quemque
685 1310 790 1377 sedem
811 1312 943 1395 abrupto
959 1312 1078 1394 impetu
1094 1313 1216 1395 rapiens

88 1418 285 1485 continuatas
305 1438 361 1501 per
380 1417 520 1482 ordinem
536 1418 643 1481 domos
658 1416 749 1500 uulgi
765 1416 927 1481 trementis
942 1415 1069 1481 inuasit.
1094 1416 1217 1481 horrere

62 1538 192 1585 oomnes
207 1520 319 1606 lugere
333 1520 435 1586 uitare
451 1520 639 1603 contagium,
663 1536 811 1601 exponere
827 1538 897 1583 suos
912 1520 1018 1601 impie,
1040 1520 1129 1601 quasi
1145 1538 1216 1584 cum

87 1623 138 1687 dio
152 1624 244 1705 peste
258 1624 411 1689 morituro
427 1623 524 1688 etiam
538 1623 672 1687 mortem
686 1623 789 1705 ipsam
804 1623 909 1704 posset
919 1622 1033 1705 aliquis
1045 1622 1214 1688 excludere.

86 1727 230 1792 iacebant
258 1726 386 1791 interim
412 1727 480 1790 tota
505 1726 635 1791 ciuitate
660 1726 791 1791 uicatim
817 1741 878 1790 non
903 1724 968 1791 iam
993 1744 1129 1809 corpora,
1160 1726 1214 1791 sed

87 1832 236 1895 cadauera
258 1830 467 1912 plurimorum
487 1830 519 1893 et
538 1829 784 1895 misericordiam
806 1831 838 1894 in
859 1848 891 1893 se
913 1828 1055 1894 euntium
1077 1829 1214 1894 contem·

84 1934 222 2016 plutione
242 1934 336 1998 sortis
355 1934 482 1999 mutuae
502 1932 696 2018 flagitabant.
718 1952 808 1999 nemo
824 1933 958 2016 respexit
973 1934 1060 1998 aliud
1074 1935 1213 2014 praetor·

58 2056 176 2118 squam
200 2036 292 2102 lucra
314 2036 460 2102 crudelia.
478 2054 572 2100 nemo
595 2036 708 2100 similis
732 2038 862 2102 euentus
885 2037 1095 2101 recordatione
1116 2037 1213 2121 trepi-

85 2140 181 2221 dauit,
203 2157 297 2203 nemo
317 2138 393 2204 lecit
414 2138 505 2203 alteri
526 2138 607 2221 quod
622 2139 688 2223 pati
702 2141 814 2205 noluit.
837 2138 911 2222 quid
927 2140 1008 2204 inter
1024 2140 1099 2204 haec
1113 2140 1212 2224 egerit

84 2242 200 2308 Christi
226 2244 258 2306 et
277 2242 336 2306 Dei
357 2242 506 2323 pontifex,
529 2242 582 2323 qui
606 2243 767 2325 pontifices
789 2243 898 2307 mundi
920 2243 1011 2307 huius
1035 2244 1120 2309 tanto
1141 2244 1211 2325 plus

81 2346 210 2427 pietate,
232 2348 347 2428 quanto
369 2348 529 2431 religionis
549 2348 684 2416 ueritate
705 2351 922 2431 praecesserat,
945 2350 1044 2413 scelus
1060 2347 1107 2413 est
1121 2368 1211 2431 prse-

81 2450 183 2513 terire.
210 2448 413 2532 adgregatam
433 2450 533 2531 primo
548 2450 581 2515 in
595 2450 661 2514 loco
680 2451 804 2532 plebem
819 2450 857 2515 de
873 2451 1101 2516 misericordiae
1123 2451 1210 2516 bonis

55 2551 224 2617 ainstxuit.
240 2551 331 2616 docet
346 2551 470 2615 diuinae
485 2552 626 2617 lectionis
642 2554 799 2635 exemplis,
817 2556 966 2637 quantum
983 2554 1022 2619 ad
1033 2571 1209 2636 promeren-

82 2653 157 2717 dum
179 2653 286 2717 Deum
307 2654 429 2736 prosint
450 2654 550 2719 officia
572 2655 708 2737 pietatis.
735 2658 811 2721 tunc
835 2656 944 2721 deindo
966 2656 1128 2741 subiungit
1149 2677 1209 2723 non

81 2774 146 2819 asse
161 2756 318 2833 mirabile,
335 2757 363 2819 si
374 2759 495 2823 nostros
509 2759 631 2823 tantum
649 2759 754 2823 debito
771 2760 912 2825 caritatis
928 2759 1073 2841 obsequio
1089 2760 1209 2827 fouere·

80 2879 165 2923 mus:
182 2877 255 2923 enm
271 2860 356 2924 enim
370 2859 541 2942 perfectum
556 2862 735 2943 possedisti,
752 2864 805 2945 qui
821 2864 891 2946 plus
908 2864 1028 2946 aliquid
1043 2864 1207 2947 publicano

79 2962 128 3025 uel
144 2963 268 3029 ethnico
284 2962 404 3042 fecerit,
420 2964 473 3046 qni
488 2964 607 3029 malum
618 2965 696 3029 bono
709 2965 834 3031 uincens
847 2968 878 3031 et
891 2966 1014 3032 diuinae
1027 2968 1208 3037 clementiae

129 3184 308 3252 liter]iutex
320 3184 397 3238 Tor]
498 3185 595 3239 libram
606 3186 720 3241 limitem
736 3188 762 3242 T
867 3188 929 3258 non]
942 3204 1231 3259 nonnco,nump,

77 3276 207 3323 oxoooat
329 3270 499 3326 3foxtuitoo
619 3273 743 3326 ecclesiae
759 3274 784 3326 Τ
902 3274 1019 3329 illiusF
1130 3277 1204 3346 uoce]

77 3354 133 3407 lucc
148 3357 174 3410 Τ
306 3356 470 3425 drespondit
482 3360 509 3411 ct
519 3358 587 3411 dicit
601 3358 627 3412 Τ
759 3359 775 3412 5
788 3359 896 3413 admitti
910 3378 933 3414 w
1066 3378 1117 3415 non
1130 3362 1206 3416 credo

77 3456 123 3492 oar
138 3458 182 3509 cop
284 3442 407 3495 iluisT
502 3443 710 3499 detestabilosro
808 3448 989 3515 8populusT
1083 3448 1205 3502 adsnam

78 3544 205 3597 quemque
227 3530 346 3598 (qnoque
363 3550 391 3599 p,
413 3546 543 3599 quemque
560 3535 594 3599 to)
617 3533 705 3586 sedem
724 3534 800 3603 Twp,
823 3550 905 3589 esua
926 3550 1054 3605 quemque
1076 3535 1135 3589 sede
1153 3554 1170 3591 o

78 3619 185 3683 arrepto
198 3618 342 3684 w,arnpto
354 3620 386 3685 μι
512 3619 623 3689 euulgo
638 3621 664 3671 T
787 3620 925 3689 horrorep
1053 3622 1087 3676 10
1098 3622 1202 3691 fugere]

77 3699 137 3753 llere
152 3701 233 3755 ΤΗ
355 3703 389 3768 11Ι
402 3705 546 3759 moriturus
559 3707 590 3760 F
670 3723 774 3775 possem
786 3694 888 3777 aliquis
898 3709 928 3772 T,
941 3708 1039 3776 aliquis
1051 3712 1140 3777 posset
1153 3726 1168 3763 o

79 3786 249 3842 l2intotac
352 3787 465 3842 uicatim
477 3806 526 3844 om.
540 3808 601 3855 copo
702 3810 755 3846 non
768 3793 859 3847 couT
962 3794 994 3847 13
1006 3796 1203 3849 transeuntium

78 3888 136 3938 mun
225 3874 260 3928 14
271 3874 358 3943 aliud]
370 3874 440 3928 illud
452 3877 478 3930 L
563 3877 596 3932 16
609 3879 677 3947 pati}
690 3880 744 3931 sibi
756 3878 814 3932 fieri
832 3878 917 3933 Oxou.
1006 3881 1096 3934 noluit
1107 3882 1166 3950 cop²

78 3956 108 4007 17
120 3957 237 4011 cbristus
249 3962 278 4013 et
289 3958 333 4013 dei
344 3960 483 4029 pontifices
499 3963 524 4015 Τ
648 3965 680 4017 18
692 3966 743 4035 est]
757 3968 814 4019 erat
826 3983 873 4037 copo
997 3968 1030 4019 19
1041 3982 1167 4036 promoto

78 4040 132 4095 loco
143 4060 196 4098 unc
208 4062 225 4099 o
318 4046 524 4118 misericordiae]
537 4066 607 4103 nunc
619 4066 643 4103 ro
735 4051 770 4104 20
781 4052 931 4108 instituito
1024 4053 1117 4106 docens
1130 4071 1200 4123 copo,

78 4128 230 4213 eppooetr
332 4132 366 4185 ar
379 4116 470 4187 usn
573 4136 872 4204 praestruerentur
977 4139 1201 4196 marrubium

77 4218 239 4269 mancum
255 4218 281 4271 Τ
348 4216 704 4288 etobseqniopecdcta.l.
718 4227 784 4277 Μ
853 4225 885 4277 23
898 4240 958 4277 eum
971 4225 1041 4279 enim
1055 4226 1084 4291 Τ,
1099 4242 1158 4279 cum
1171 4248 1201 4296 p,

78 4312 187 4437 ἔξω
297 4304 359 4371 quis
372 4304 435 4373 plus
446 4307 537 4375 coqui
548 4307 652 4363 boniF
768 4308 1167 4380 iduingensropi,inngcns1'

135 4388 240 4442 euticeo

950 4486 994 4571 g*
