3025 4967
327 380 373 430 cx
618 390 626 407 ι
725 361 872 416 Caecilii
889 360 1052 429 Cypriani

326 520 421 585 nimis
442 521 550 602 pectus
574 519 702 585 affectus
725 518 865 600 duplices
888 517 1024 583 onerant.
1050 516 1158 581 dolebo
1179 518 1261 601 quod
1275 536 1335 582 non
1350 534 1455 581 comes

325 622 461 688 fuerim?
479 623 536 688 sed
555 623 644 687 illius
663 622 797 690 uictoria
817 620 1038 702 triumphanda
1053 622 1110 684 ost.
1137 620 1174 685 de
1189 620 1322 685 uictoria
1335 620 1454 684 trium-

326 727 449 810 phabo?
472 726 525 790 sed
547 726 635 791 doleo
659 726 748 808 qnod
763 742 865 790 comes
886 742 947 789 111
964 724 1033 789 sim.
1062 742 1171 789 uerum
1195 724 1283 788 uobis
1298 725 1406 789 tamen
1422 726 1454 787 et

325 829 511 910 simpliciter
532 828 742 893 confitendum
756 829 814 907 est,
836 827 918 910 quod
932 827 964 892 et
978 843 1034 892 uos
1049 826 1148 905 scitis,
1169 827 1202 891 in
1216 828 1275 891 hao
1289 844 1339 891 me
1353 826 1454 894 fuisse

324 932 485 997 sententia.
507 932 645 997 multum
660 950 696 997 ao
710 932 806 997 nimis
827 932 965 997 multum
980 930 1018 995 de
1033 930 1134 1016 gloria
1154 930 1220 997 eius
1243 930 1357 1008 exulto,
1379 930 1474 1013 pluse

323 1036 429 1101 tamen
445 1036 533 1102 doleo
548 1036 631 1118 quod
644 1035 790 1101 remansi.

444 1324 639 1435 loll
674 1323 1336 1439 PROCONSVLARIA.

296 1563 308 1625 l
365 1564 556 1648 Imperatore
576 1564 737 1633 Valeriano
757 1567 904 1650 quartum
920 1567 952 1629 et
967 1564 1111 1631 Gallieno
1126 1566 1256 1645 tertium
1272 1566 1452 1631 consulibus

323 1668 415 1733 tertio
437 1668 640 1733 kalendarum
655 1668 886 1752 Septembrium
902 1666 1088 1753 Carthagine
1109 1669 1141 1733 in
1163 1668 1325 1733 secretario
1342 1668 1452 1733 Pater·

321 1790 380 1835 nus
396 1772 558 1853 proconsul
574 1770 725 1855 Cypriane
746 1774 887 1854 episcopo
908 1772 1003 1836 dixit:
1025 1772 1228 1837 sacratissimi
1249 1773 1451 1854 imperatores
1460 1790 1481 1827 ro

279 1957 282 1968 .
322 1876 506 1941 Valerianus
521 1876 553 1940 et
568 1876 729 1942 Gallienus
744 1877 867 1942 litteras
882 1877 921 1942 ad
936 1896 986 1942 me
1003 1876 1075 1941 dare
1090 1877 1213 1961 dignati
1229 1879 1311 1955 sunt,
1337 1876 1450 1959 quibus

320 1981 541 2063 praeceperunt
563 1998 613 2044 eos
637 1981 690 2063 qui
711 1980 884 2045 Romanam
905 1981 1089 2066 religionem
1112 1980 1176 2046 nori
1196 1981 1311 2058 colunt,
1339 1980 1449 2045 debere

320 2084 475 2150 Romanas
501 2085 706 2149 caeremonias
732 2102 957 2167 recognoscere.
985 2084 1137 2166 exquisiui
1163 2101 1236 2167 ergo
1263 2083 1300 2147 de
1326 2083 1449 2148 nomine

320 2188 385 2268 tuo,
402 2185 477 2269 quid
491 2186 571 2250 milri
586 2187 771 2268 respondes?
787 2186 956 2270 Cyprianus
972 2186 1243 2270 episcopusdixit:
1259 2185 1447 2251 Christia-

320 2307 390 2354 nus
419 2308 501 2353 sum
523 2291 560 2353 et
582 2290 798 2373 episcopus.
829 2290 958 2355 nullos
986 2291 1089 2355 alios
1117 2290 1206 2355 deos
1234 2290 1341 2367 noui,
1370 2289 1477 2353 nisis

321 2412 437 2457 unum
464 2394 501 2457 et
523 2412 654 2457 uerum
676 2394 812 2472 Deum,
842 2394 907 2475 qui
935 2394 1032 2459 fecit
1060 2394 1209 2459 caelum
1231 2394 1268 2458 et
1289 2394 1446 2475 terram,

321 2514 423 2560 marc
446 2495 484 2559 et
507 2514 602 2576 quae
624 2496 776 2562 suntin
798 2496 853 2561 eis
875 2496 1011 2561 omnia.
1042 2498 1131 2561 huic
1152 2497 1228 2562 Deo
1251 2514 1317 2561 nos
1341 2494 1447 2560 Chri·

320 2598 443 2662 stiani
459 2598 717 2663 deseruimus:
739 2600 838 2664 huno
854 2599 1255 2682 deprecamurdiebus
1271 2598 1446 2665 1111111-

319 2702 389 2766 bus
416 2719 482 2785 pro
511 2702 623 2766 nobis
646 2704 683 2767 et
703 2722 770 2785 pro
799 2704 977 2768 omnibns
998 2703 1223 2769 hominibus
1245 2704 1283 2767 et
1305 2722 1370 2785 pro
1394 2703 1445 2765 in-

320 2805 555 2870 columitate
583 2803 754 2887 ipsorum
784 2807 1072 2888 imperatorum.
1103 2806 1256 2872 Paternus
1283 2805 1475 2888 proconsule

319 2907 416 2972 dixit:
443 2909 476 2972 in
499 2908 556 2972 hac
577 2927 649 2992 ergo
676 2908 838 2974 uoluntate
863 2914 1062 2992 perseuerare?
1090 2908 1259 2992 Cyprianus
1286 2909 1443 2991 episcopus

318 3012 493 3094 respondit:
516 3012 829 3091 111111111111,
853 3032 947 3095 quae
963 3013 1224 3091 Deumnouit‚
1244 3010 1442 3078 immutari

319 3134 392 3179 non
414 3116 553 3198 potest.
577 3115 731 3180 Paternus
752 3116 915 3198 proconsul
938 3116 1032 3180 dixit:
1056 3117 1172 3198 poteris
1188 3134 1260 3199 ergo
1276 3117 1442 3181 secundum

318 3219 516 3301 praeceptum
533 3218 690 3283 Valeriani
715 3220 747 3283 et
764 3218 898 3284 Gallieni
919 3219 1005 3283 exsul
1029 3219 1068 3283 ad
1092 3218 1200 3283 urbem
1221 3218 1440 3283 Curubitanam

318 3321 494 3403 proficisci?
521 3322 691 3405 Cyprianus
714 3322 874 3404 episcopus
897 3322 990 3386 dixit:
1013 3322 1268 3405 proficiscor„
1288 3322 1437 3387 Paternus
1447 3334 1468 3372 a

318 3425 480 3507 proconsul
494 3425 589 3490 dixit:
603 3444 664 3490 non
680 3426 782 3491 solum
798 3426 836 3491 de
851 3426 1011 3509 episcopis,
1027 3446 1137 3492 uerum
1153 3428 1249 3491 etiam
1265 3426 1303 3491 de
1317 3425 1440 3508 presby-

317 3528 394 3592 teris
414 3517 493 3591 mihi
514 3528 648 3593 scribere
669 3528 791 3613 dignati
813 3531 895 3594 sunt.
920 3530 991 3593 uolo
1014 3547 1085 3613 ergo
1102 3529 1287 3607 1111111111,
1311 3529 1364 3611 qui
1381 3526 1440 3592 sint

316 3630 488 3712 presbyteri
510 3631 565 3712 qui
586 3631 619 3695 in
640 3631 698 3696 hac
721 3632 851 3696 ciuitate
877 3632 1058 3697 consistunt.
1087 3631 1258 3716 Cyprianus
1285 3633 1439 3714 episcopus

316 3734 487 3815 respondit:
525 3734 680 3817 legibus
713 3734 859 3801 uestris
892 3736 986 3800 bene
1019 3736 1133 3823 atque
1166 3735 1327 3800 utiliter
1361 3752 1439 3798 cen·

366 3973 500 4043 ldolelro]
511 3973 608 4028 docebo
621 3990 646 4028 ro
748 3975 1039 4031 5111111112.-

366 4059 468 4128 Incipit
487 4060 575 4129 passio
596 4060 712 4116 eiusdem
730 4061 860 4129 (eiusdem
877 4062 968 4131 passio
987 4062 1026 4130 Ε)
1044 4062 1172 4131 Cypriani
1190 4078 1221 4115 er
1238 4063 1282 4117 dic
1299 4077 1351 4134 qua
1369 4073 1434 4113 mar·

313 4145 416 4215 tyrium
427 4144 575 4215 Cyprianus
593 4148 673 4200 tulit:
694 4147 756 4201 ordo
775 4150 865 4201 autom
883 4148 1008 4217 martyrii
1025 4151 1184 4215 (martyrum
1196 4148 1242 4217 M)
1259 4148 1309 4201 hac
1327 4146 1433 4201 lectione

313 4230 511 4285 demonstratur
541 4237 568 4286 et
598 4232 761 4287 declaratur:
792 4233 858 4288 Cum
887 4232 1036 4302 Cyprianus
1066 4236 1174 4288 sanctus
1205 4236 1308 4305 martyr
1336 4232 1431 4287 electus

312 4332 329 4370 a
340 4317 396 4371 Deo
408 4317 440 4371 de
453 4318 563 4395 ciuitate
575 4318 740 4374 curubitana
752 4319 801 4389 (of.
815 4336 836 4375 c.
849 4321 879 4388 2)
892 4326 940 4375 cto.
954 4320 1025 4376 ΕΜ.
1038 4350 1071 4361 -
