3025 4967
338 402 422 449 xnlv

335 537 495 605 Domitios
521 538 565 603 od
587 537 737 602 Petram:
769 553 833 619 epo
864 534 940 600 tibi
969 534 1071 613 dieo,
1099 535 1214 617 inquit,
1243 536 1338 617 qaia
1365 541 1408 601 tu
1430 556 1471 601 es

336 649 479 715 Petras
499 688 543 699 -
563 666 825 731 quaecumque
851 645 1022 711 solaeris
1049 651 1332 727 superterram
1353 653 1472 713 eruat

336 762 467 827 soluta
488 766 522 826 et
543 762 587 826 io
608 760 742 826 coelis.
764 758 972 840 etidoonpost
992 758 1247 825 resaneotiouem
1266 760 1471 825 suamdieit:

332 892 450 955 pasce
477 891 566 937 oaes
593 890 705 938 meas.
739 889 836 952 saper
864 890 966 935 eoam
995 870 1141 953 aedificat
1169 870 1330 937 sermm
1358 876 1386 937 et
1414 871 1472 937 itti

335 984 513 1068 pueeadas
540 1002 611 1051 oues
639 982 774 1049 modat
801 1001 887 1062 suas,
916 986 945 1058 et
969 983 1119 1065 quamue
1147 982 1297 1065 apostolis
1322 982 1471 1047 omnibus

334 1116 448 1177 parem
467 1096 587 1161 tribuat
602 1100 796 1177 potestateve,
815 1114 917 1160 unam
935 1099 1043 1160 tamen
1061 1093 1245 1160 cathedram
1264 1093 1428 1159 eonstituit
1442 1098 1472 1158 et

338 1207 475 1272 unitatis
500 1207 654 1291 ονίρὶπωη
678 1212 772 1289 atque
797 1206 952 1271 satiem
972 1225 1034 1271 soa
1059 1204 1118 1288 (sio
1139 1208 1187 1271 eet
1207 1206 1383 1290 legendum,
1412 1206 1473 1271 ad·

338 1338 398 1400 qao
422 1320 575 1383 nationis
600 1338 675 1385 suos
697 1316 794 1397 M¹Q¹
816 1320 871 1385 sed
892 1323 985 1401 atque
1007 1318 1126 1383 deleuit
1149 1316 1259 1401 ΜΨ)
1285 1319 1474 1383 auderitato

338 1431 503 1513 disposuit.
526 1430 579 1496 ieoe
601 1435 694 1496 eruet
715 1431 823 1511 etuas
836 1435 865 1495 et
878 1430 970 1497 aeteri
994 1430 1077 1510 qood
1091 1428 1216 1508 Petrus,
1237 1429 1292 1495 sed
1311 1430 1475 1511 primatus

339 1542 433 1609 Petro
458 1542 555 1608 datur
576 1546 612 1608 ut
635 1542 678 1629 (et
692 1542 803 1628 M¹Q¹)
825 1562 895 1620 uno
917 1541 1045 1608 molesia
1067 1548 1095 1609 et
1116 1541 1266 1608 cathara
1290 1561 1359 1606 aaa
1383 1560 1474 1605 mon·

338 1658 462 1720 aretur.
484 1658 512 1719 et
521 1659 665 1735 pedores
679 1658 754 1719 suot
768 1673 883 1733 mame,
903 1654 957 1720 sed
970 1674 1048 1738 prea
1060 1674 1147 1721 unes
1160 1652 1344 1732 ostenditm,
1359 1654 1417 1735 qui
1431 1652 1472 1717 ab

337 1765 486 1846 apostolis
505 1766 649 1831 menibus
662 1766 818 1831 amoime·
831 1766 1029 1833 oonseusione
1039 1770 1204 1849 paaetm.
1224 1765 1307 1830 tane
1322 1768 1350 1829 et
1365 1762 1471 1827 Paeti

338 1876 493 1943 animem
512 1878 569 1960 qui
586 1897 651 1941 nou
670 1880 760 1960 tenet,
787 1881 888 1943 auore
902 1896 934 1943 se
946 1876 1041 1961 fidem
1061 1878 1185 1944 aedit?
1211 1876 1268 1959 qui
1287 1875 1473 1942 cathedram

338 1988 429 2055 Petri
453 2008 668 2070 superquam
691 1988 833 2072 fandata
858 1988 986 2055 secusia
1009 1993 1054 2054 est
1078 1988 1200 2067 desert,
1225 1988 1263 2052 in
1288 1987 1418 2052 aedesio
1444 2006 1475 2050 se

338 2120 400 2169 esse
428 2101 581 2183 confidit?
610 2120 649 2167 en
677 2100 880 2166 menifestum
910 2100 1038 2166 alterius
1067 2100 1252 2167 recensionis
1282 2097 1473 2180 exemplum,

341 2231 436 2295 quam
457 2212 510 2295 qui
532 2212 679 2279 confinxit
693 2213 726 2278 in
740 2214 846 2279 losum
860 2212 1013 2297 genuinae
1027 2214 1197 2280 sententiae
1211 2212 1317 2296 reponi
1332 2212 1472 2277 noluisse

232 2357 233 2366 κ
341 2322 508 2389 censendus
530 2323 594 2401 θεῖς
618 2343 692 2389 nam
713 2343 775 2389 non
794 2325 918 2408 poterat
937 2340 998 2389 non
1019 2342 1191 2409 expungere
1205 2342 1283 2407 quae
1298 2324 1472 2404 interpole-

342 2433 460 2501 tionem
482 2434 654 2517 prodesset,
678 2434 776 2501 immo
799 2435 897 2518 ipsius
921 2436 1080 2502 doetrinae
1103 2436 1320 2520 repugnarent
1346 2435 1401 2500 sed
1417 2434 1474 2499 ille

341 2545 395 2627 qui
422 2544 558 2611 oodioun
584 2535 621 2612 er
643 2563 703 2629 quo
719 2546 753 2609 M
777 2545 851 2626 etQ
874 2546 935 2612 orti
960 2550 1035 2613 sunt
1059 2547 1282 2614 additamentis
1308 2546 1470 2625 instruxit,

338 2658 470 2723 alterum
491 2658 700 2724 recensionem
713 2659 870 2743 integram
884 2660 956 2743 post
970 2659 1129 2743 seripturis
1144 2658 1241 2725 uerba
1255 2677 1350 2739 saper
1363 2677 1470 2721 onom

339 2768 486 2852 aedificat
511 2768 670 2833 molosiam
695 2770 812 2852 reoepit
833 2770 867 2835 in
888 2769 974 2836 salse
998 2771 1102 2836 uerbis
1127 2769 1228 2837 isdem
1252 2788 1347 2849 super
1370 2788 1474 2833 auum

339 2880 487 2964 aedificat
506 2880 666 2946 aetesiam
688 2880 828 2960 adiectis,
851 2882 965 2963 quibus
985 2880 1173 2965 interpolata
1192 2883 1225 2946 et
1245 2879 1379 2965 genuine
1399 2896 1473 2943 eon·

339 2992 575 3059 minuentur.
591 2992 724 3059 alterum
738 2992 988 3059 additamentum
1002 2993 1104 3059 maius
1118 2992 1233 3075 inipso
1247 2991 1339 3056 initio
1354 2991 1473 3056 eodieis

339 3105 500 3188 reperitur.
531 3104 683 3187 epistulae
712 3105 799 3172 enim
824 3106 879 3171 Ad
900 3104 1067 3171 Donatum
1086 3104 1121 3169 M
1147 3105 1179 3170 et
1205 3101 1233 3182 Q
1260 3101 1471 3192 praemittunt

341 3216 521 3299 epistolium
540 3215 621 3282 illud
642 3216 793 3282 fictieium
807 3216 933 3283 Donati
946 3216 990 3300 od
1006 3215 1206 3299 oppansam
1227 3212 1309 3296 qued
1325 3212 1471 3295 epistulis

340 3328 454 3409 spuriis
469 3328 503 3393 in
517 3327 697 3412 Appendiee
718 3327 811 3393 huius
836 3327 982 3393 editionis
1003 3330 1046 3411 (p.
1059 3328 1166 3406 2723)
1187 3326 1296 3392 adieci.
1320 3325 1374 3389 sed
1395 3324 1474 3390 haee

340 3440 520 3506 narrantis*
542 3459 653 3505 manue
676 3440 801 3521 quse-in
816 3439 965 3504 addendis
987 3438 1116 3505 uocibus
1139 3437 1305 3503 manifesta
1328 3438 1470 3517 apparet,

339 3551 442 3617 neseio
455 3570 494 3615 an
507 3550 1057 3632 eademinomittendisegnoeoetur,
1070 3548 1472 3632 uelutp.475,2;516,11;

340 3662 472 3741 632,25;
496 3662 626 3741 638,24;
650 3662 776 3747 673‚15.
798 3680 896 3745 neque
919 3679 991 3727 uero
1014 3660 1200 3727 eonieeturie
1214 3679 1251 3727 ea
1263 3677 1389 3743 prorsus
1414 3660 1473 3725 ab·

229 3808 235 3815 ·
341 3773 462 3852 etinuit,
489 3774 543 3837 eed
567 3774 694 3838 conatus
720 3772 862 3855 plerique
888 3775 998 3839 rudem
1020 3772 1189 3837 admodum
1212 3774 1312 3837 artem
1334 3770 1473 3862 produnt

340 3883 394 3971 (ef.
415 3884 547 3963 214,24;
568 3884 679 3962 224‚2;
702 3884 815 3963 testu
836 3885 1051 3968 227,11sqq.;
1072 3884 1206 3965 477,17;
1227 3883 1339 3983 laea
1355 3883 1473 3962 500,5;

339 3996 472 4076 508,19;
485 3995 580 4073 5183
593 4022 634 4053 =
646 3995 757 4075 668,6;
773 3994 885 4079 519,2;
902 3995 1182 4079 627,16;630,19;
1200 3994 1332 4075 702,1e;
1349 3995 1471 4079 suet).

339 4108 443 4173 omnis
453 4124 526 4173 uero
534 4106 566 4173 id
575 4126 671 4192 genus
680 4105 1154 4191 longefrequentioreinlibellie
1163 4104 1366 4172 obseruantur
1375 4125 1474 4188 quam

339 4220 373 4285 in
389 4218 541 4303 epistulis,
564 4238 658 4302 quare
674 4218 707 4284 in
722 4236 830 4283 eorum
850 4218 923 4283 oriei
944 4237 1016 4283 eum
1030 4219 1127 4283 testes
1141 4216 1358 4301 integerrimos
1372 4217 1471 4282 habe-

339 4348 414 4411 rem,
430 4331 497 4397 iure
511 4349 561 4397 me
576 4329 610 4394 M
626 4332 658 4396 et
672 4329 700 4409 Q
714 4327 885 4414 neglexisse
900 4328 1042 4395 arbitror.
1058 4329 1119 4395 nisi
1134 4328 1311 4394 wnieotura
1325 4329 1472 4395 audacior
