3025 4967
469 370 625 441 Epistula
642 332 969 452 ursinianus.
1215 376 1278 442 571

161 527 241 593 circa
254 527 414 595 ministros
430 529 575 596 ecclesiae
590 530 760 595 constituat
773 532 957 613 exemplum.
986 532 1104 597 interea
1118 548 1150 595 se
1165 550 1184 595 a
1198 529 1281 596 diui·

160 630 244 697 sione
265 650 430 696 mensurna
450 632 575 697 tantum
590 633 766 698 contineant
785 651 846 698 non
861 634 949 717 quasi
963 652 982 699 a
996 632 1168 699 ministerio
1183 632 1281 698 eccle·

159 733 284 799 siastico
297 734 414 815 priuati
425 752 490 799 esse
503 734 678 818 uideantur,
691 734 745 799 sed
757 736 793 799 ut
803 736 934 820 integris
945 736 1088 801 omnibus
1096 737 1135 801 ad
1143 737 1281 800 nostram

158 836 365 919 praesentiam
379 837 570 903 differantur.
597 840 668 921 opto
684 857 747 922 nos,
764 837 876 904 states
891 839 1054 919 carissimi,
1069 857 1190 921 semper
1203 838 1281 903 bene

136 938 272 1003 sualere.
288 936 516 1006 fratomitatcm
531 942 707 1006 uniuersam
722 941 865 1005 salutate.
880 940 993 1006 ualete.

396 1227 782 1341 EPISTVLA
827 1226 1045 1339 XXXV.

159 1428 359 1486 cxPelsrevs
381 1430 620 1487 PRESBYTERIS
637 1432 682 1487 ET
699 1431 916 1489 DlAchIBVS
933 1430 1056 1488 Roman
1073 1430 1280 1487 eccelerate-

539 1520 643 1575 TIBVS
661 1518 861 1576 salamana
879 1520 905 1575 S.

200 1690 242 1755 Et
257 1690 381 1757 dilectio
397 1692 568 1758 communis
585 1692 710 1759 stratio
726 1694 872 1775 exposcit,
893 1691 1006 1758 iratres
1021 1691 1183 1770 carissimi,
1199 1691 1280 1757 nihil

121 1820 148 1861 ιο
158 1793 361 1859 conscientiae
381 1797 504 1861 uestrae
524 1795 704 1863 subtrahere
719 1797 756 1860 de
776 1796 923 1878 hisquae
943 1795 1025 1877 apud
1045 1813 1100 1859 nos
1121 1796 1279 1878 geruntur,

157 1896 194 1959 ut
215 1895 257 1960 sit
273 1896 361 1961 nobis
377 1897 458 1963 circa
472 1898 645 1964 utilitatem
661 1898 885 1965 ecclesiasticae
900 1896 1179 1963 administrationis
1194 1914 1279 1963 com·

156 2018 250 2063 mune
271 2000 445 2066 consilinm.
466 2020 540 2066 nem
560 2004 759 2085 posteaquam
779 2002 818 2067 ad
833 2019 888 2065 uos
903 2001 1025 2066 litteras
1040 1999 1100 2065 feci
1115 2018 1191 2082 quas
1205 1998 1279 2063 misi

155 2120 211 2183 per
226 2100 373 2168 Saturum
387 2104 533 2170 lectorem
548 2106 579 2169 et
591 2103 742 2187 Optatam
761 2103 1007 2189 hypodiaconum
1021 2102 1133 2168 fratros
1147 2104 1277 2181 nostros,

157 2204 347 2285 quorundam
359 2192 514 2287 lapsorum
526 2207 698 2291 conspirata
707 2206 878 2285 temeritas,
891 2208 944 2288 qui
953 2206 1176 2288 paenitentiam
1187 2224 1279 2289 agere

118 2334 144 2373 rs
155 2312 187 2373 et
201 2307 266 2373 Deo
281 2308 456 2375 satisfacere
471 2309 655 2389 detractant,
677 2310 798 2375 litteras
813 2310 853 2375 ad
867 2329 918 2375 me
932 2308 1080 2387 fecerunt,
1095 2326 1203 2391 paoem
1217 2326 1278 2373 non

156 2410 291 2479 dandam
312 2411 372 2480 sibi
393 2413 586 2494 postulantes
601 2415 655 2479 sed
670 2415 759 2497 qnasi
773 2414 837 2478 iam
853 2414 960 2479 datam
974 2412 1174 2490 uindicantes,
1196 2412 1279 2495 quod

155 2514 261 2580 dicant
281 2514 415 2582 Paulum
436 2516 579 2583 omnibus
598 2536 707 2601 pacem
728 2516 857 2594 dedisse,
881 2516 963 2582 sicut
976 2516 1010 2581 in
1023 2515 1141 2581 litteris
1161 2533 1278 2599 eorum,

210 2734 386 2805 lministros]
399 2750 488 2789 omnes
501 2736 573 2790 uiros
589 2736 651 2790 VZs
724 2736 872 2791 constitute
886 2740 912 2791 Τ
977 2738 1079 2791 intoree
1094 2735 1281 2800 T,insertaZ,

156 2820 268 2874 intcrim
281 2836 360 2889 proco
446 2836 574 2892 semeap
659 2821 801 2891 diuisione]
814 2822 918 2877 dicione
930 2824 968 2877 Zs
1058 2823 1212 2876 Emensma
1227 2824 1281 2893 Τφ,

159 2922 251 2960 mense
264 2908 472 2972 etorauciumr,
485 2907 735 2961 mensuranoiumZ
792 2909 987 2978 contingentes
1041 2909 1250 2978 non]utnonZ

157 2994 400 3064 nonquesiorn.p
467 2994 628 3065 ministerio]
640 2995 770 3063 mystefio
784 2995 812 3049 V
875 2993 1053 3050 4diierautur
1069 2996 1095 3047 Τ
1160 2996 1278 3061 opto...

159 3080 250 3133 ualete
262 3094 339 3133 oco.s
424 3081 584 3148 optemusZ
667 3080 933 3135 enormitatem
947 3098 968 3133 e.
980 3081 1070 3134 ualete
1081 3096 1132 3134 oso.
1145 3081 1170 3131 Z
1255 3081 1284 3131 et

158 3167 249 3220 ualete
261 3182 284 3221 o.
298 3166 465 3235 -Epistola
477 3165 597 3234 cipriani
614 3165 647 3219 ad
659 3166 760 3219 clerum
772 3166 805 3220 de
818 3167 858 3220 eis
871 3166 917 3235 qui
930 3168 1029 3220 temere
1040 3165 1125 3234 lapsis
1137 3164 1283 3219 communi-

159 3254 289 3307 cauerunt
306 3256 334 3305 et
350 3252 382 3305 dc
394 3251 551 3305 Philumino
569 3254 596 3304 et
608 3251 755 3306 Fortunato
776 3235 981 3322 hypodiacoaet
991 3250 1125 3305 Fauorino
1146 3251 1283 3306 acholitlro

159 3338 271 3407 explicit
285 3340 316 3402 T,
328 3338 448 3406 Explicit
460 3338 493 3391 ad
506 3337 607 3390 clerum
619 3336 651 3391 de
661 3337 736 3407 (layo
744 3337 858 3392 Didensi
870 3340 898 3392 et
909 3338 967 3391 eius
979 3337 1095 3407 dyaoono
1107 3337 1154 3405 qui
1168 3352 1215 3407 pro
1227 3337 1285 3405 lap-

159 3425 197 3477 sis
210 3424 419 3479 communicarit
428 3439 450 3489 a,
462 3423 504 3479 Ad
517 3407 601 3494 pbr‘cs‘
608 3426 636 3476 ct
647 3424 772 3478 diaconos
784 3423 894 3492 explicit
907 3424 938 3487 Ζ,
950 3438 1000 3477 orsa
1014 3439 1072 3491 pro.
1085 3452 1116 3462 ·-

210 3509 296 3580 Epist.
310 3510 415 3565 XXXV.
432 3542 460 3551 -
476 3511 577 3581 Incipit
598 3512 713 3580 epistola
733 3511 794 3577 (ino.
813 3526 853 3579 ep.
874 3526 925 3564 om.
938 3513 973 3578 w)
985 3509 1105 3578 cipriani
1127 3506 1161 3562 ad
1181 3508 1285 3578 presbi-

158 3600 230 3650 teros
244 3598 272 3649 et
283 3594 406 3651 diacones
419 3597 553 3661 (diaconos
565 3600 600 3668 w)
612 3598 711 3651 Romae
723 3597 899 3651 consistantes
913 3598 969 3665 Tro,
982 3596 1106 3664 Epistola
1117 3594 1237 3664 cipriani
1250 3594 1285 3649 ad

158 3683 260 3737 clerum
271 3682 419 3737 Romanum
431 3683 559 3754 delapsis
577 3684 805 3754 impoenitentibus
821 3683 869 3753 qni
885 3682 1097 3737 communionem
1109 3682 1168 3735 eius
1180 3682 1285 3749 expote-

159 3768 225 3823 bant
238 3788 269 3840 φ,
285 3769 328 3824 Ad
340 3769 443 3824 eosdem
456 3790 485 3840 μ.
500 3800 533 3811 -
546 3770 561 3823 'l
574 3770 723 3840 cyprianus
734 3784 804 3839 papa
818 3789 839 3836 φ
930 3768 948 3822 9
960 3767 1074 3822 delectio
1089 3768 1115 3819 T
1202 3766 1284 3835 ratio]

157 3857 228 3909 ratio
241 3855 388 3909 communis
401 3878 423 3923 φ
492 3857 578 3925 poscit
591 3872 638 3925 pro
715 3855 750 3909 10
760 3839 820 3909 ὦ
818 3872 851 3919 ιο,
864 3856 923 3908 erat
934 3856 1076 3919 uestraep
1146 3853 1179 3905 11
1191 3854 1223 3905 ut
1235 3850 1283 3919 sit]

158 3942 332 4010 nienmestp
407 3944 440 3997 13
449 3942 561 3996 fratrem
573 3944 693 3995 nostrum
706 3957 763 4010 pro,
772 3956 822 3995 om.
833 3957 870 4009 po
937 3941 972 3993 14
980 3938 1133 4008 conspirata
1143 3937 1285 3991 temeritas

159 4042 211 4081 om.
222 4048 250 4097 p,
262 4028 414 4097 prospirata
426 4028 579 4082 temeritate
589 4042 636 4095 pao
696 4026 729 4081 de
741 4024 906 4096 quorundam
918 4028 1057 4094 prospecta
1067 4024 1250 4078 temeritates

159 4113 216 4182 qui]
229 4128 345 4182 aequap
432 4114 466 4168 15
477 4112 629 4167 damoetant
641 4129 678 4181 po
765 4111 885 4166 fecerunt
901 4114 927 4165 Τ
939 4128 960 4165 a.
973 4111 999 4176 t,
1017 4110 1085 4165 iecit
1096 4130 1124 4178 μ,
1138 4125 1187 4163 om.
1201 4124 1250 4168 oro

160 4199 193 4254 16
204 4199 345 4268 postulans
362 4202 428 4269 Τφμ
522 4198 614 4253 datam
626 4196 707 4253 albis
801 4196 977 4265 uindicansp
1072 4195 1105 4248 17
1117 4194 1190 4249 dicat
1204 4195 1249 4261 Τφ

160 4286 289 4356 panlnsp
357 4301 448 4341 corum
461 4300 547 4354 emp
