3025 4967
277 374 340 437 394
374 372 522 427 Caecilii
540 369 702 440 Cypriani
721 368 759 422 dc
775 383 872 437 opere
890 370 923 419 et
940 366 1167 435 eleemosynis
1184 382 1205 418 c.
1224 365 1336 419 23-26·

275 530 350 593 dum
366 526 585 612 largitionibus
606 525 755 611 gratuitis
771 523 945 589 eommunis
966 540 1004 586 ac
1024 522 1127 587 iustus
1142 526 1206 591 est.
1228 523 1285 589 Dei
1301 521 1403 605 patris

275 633 416 697 imitator
430 634 486 696 est.

222 730 264 795 2⁸
317 734 403 813 Quae
427 734 484 800 illa
510 735 585 809 erit,
608 732 719 798 iratres
744 732 915 808 carissimi,
937 734 1132 815 operantium
1158 734 1276 818 gloria,
1306 753 1401 815 quam

273 839 401 923 grandis
416 841 448 903 et
463 856 586 903 summa
600 836 738 914 laetitia,
763 855 834 899 cnm
856 836 1007 918 populum
1032 856 1125 901 sunm
1151 838 1306 903 Dominus
1330 854 1401 901 000-

272 942 353 1023 perit
369 959 524 1007 recensere
539 943 571 1005 et
585 940 706 1005 meritis
730 940 830 1021 adque
854 938 999 1020 operibus
1022 941 1140 1006 nostris
1165 940 1305 1022 praemia
1328 953 1438 1022 pre-³

273 1047 368 1111 missa
384 1045 581 1111 contribuens
595 1064 651 1127 pro
666 1044 796 1109 temonis
811 1043 973 1116 caelestia,
995 1063 1051 1125 pro
1072 1044 1298 1127 temporalibus
1318 1063 1402 1109 sem·

275 1149 409 1230 piterna,
432 1166 487 1231 pro
501 1148 632 1212 modicis
647 1166 763 1231 magna
776 1148 952 1228 praestare,
974 1145 1095 1212 obferre
1108 1167 1165 1212 nos
1180 1148 1263 1229 patri
1278 1149 1330 1213 cui
1343 1167 1400 1213 nos

272 1270 327 1316 sue
341 1249 581 1317 sanctificatione
596 1249 755 1325 restituit,
779 1249 995 1313 aeternitatem
1010 1249 1100 1314 nobis
1119 1249 1398 1316 inmortalitatem-

271 1373 330 1437 que
345 1354 454 1437 largiri
469 1354 509 1419 ad
524 1372 617 1435 quam
632 1371 686 1417 nos
701 1353 862 1436 sanguinis
876 1352 925 1415 sni
939 1350 1148 1418 uiuificatione
1163 1354 1331 1437 separauit,
1347 1373 1398 1419 re·

272 1459 364 1523 duces
378 1458 418 1523 ad
432 1458 609 1539 paradisum
629 1458 728 1521 denuo
743 1455 858 1531 facere,
881 1475 976 1539 regna
1002 1458 1158 1522 caelomm
1186 1459 1247 1523 tide
1268 1460 1300 1521 et
1315 1459 1436 1523 ueri-ro

272 1562 337 1627 tate
352 1580 425 1625 snae
440 1560 676 1643 pollicitationis
691 1558 819 1641 aperire.
842 1558 919 1623 baec
940 1558 1087 1623 haereant
1101 1559 1235 1625 firmiter
1256 1561 1399 1627 sensibus

274 1663 404 1742 nostris,
427 1664 502 1728 haec
527 1663 749 1747 intellegantur
776 1660 866 1745 plena
887 1660 963 1737 fide,
986 1662 1060 1726 haec
1075 1661 1166 1727 corde
1180 1664 1247 1727 toto
1261 1663 1399 1746 diligan-

273 1770 343 1845 tur,
377 1768 451 1833 haec
480 1768 721 1833 indesinentium
751 1784 878 1848 operum
909 1765 1167 1849 magnanimitate
1194 1768 1398 1832 redimantur.

273 1872 430 1953 praeclara
455 1874 486 1937 et
511 1871 619 1937 diuina
645 1888 709 1947 ree,
733 1868 845 1933 iratres
870 1868 1040 1947 carissimi,
1077 1868 1224 1933 salutaris
1250 1869 1398 1952 operatio.

273 1972 421 2040 solacium
435 1974 551 2059 grande
566 1974 776 2043 credentium,
798 1972 974 2037 securitatis
993 1974 1118 2037 nostrae
1141 1970 1264 2038 salubre
1279 1973 1398 2055 praesi-
1409 1994 1436 2031 rs

273 2077 377 2155 dium,
401 2078 630 2143 munimentum
644 2076 726 2158 spei,
749 2076 850 2140 tutela
864 2075 952 2152 fidei,
974 2077 1110 2141 medella
1123 2077 1257 2159 peccati,
1277 2095 1328 2141 res
1342 2093 1398 2159 po-

274 2181 336 2247 sita
351 2181 384 2245 in
398 2183 550 2265 potestate
565 2181 722 2257 iacientiS,
746 2199 795 2243 res
810 2182 843 2244 et
857 2180 984 2262 grandis
999 2179 1166 2256 etfacilis,
1182 2180 1247 2245 sine
1260 2179 1400 2263 periculo

274 2285 496 2368 persecutionis
512 2302 620 2350 corona
635 2285 736 2368 pacis,
760 2302 869 2347 nerum
889 2284 948 2348 Dei
962 2302 1076 2348 munus
1090 2285 1123 2348 et
1136 2284 1325 2361 maximum,
1348 2284 1399 2347 in·

274 2387 374 2453 firmis
388 2389 609 2466 necessarium,
632 2388 765 2453 fortibus
780 2387 967 2471 gloriosum,
991 2406 1051 2469 quo
1068 2387 1255 2453 christianus
1269 2386 1399 2452 adiutus

275 2490 389 2575 perfert
403 2492 537 2576 gratiam
551 2491 739 2572 spiritalem,
755 2494 947 2572 promeretur
961 2490 1120 2555 Christum
1133 2490 1279 2568 iudicem,
1293 2490 1397 2555 Deum
1407 2509 1438 2547 ae

274 2597 435 2677 computat
450 2594 630 2659 debitorem.
654 2593 694 2659 ad
708 2594 786 2657 hanc
799 2611 927 2674 opernm
941 2593 1127 2657 salutarium
1142 2594 1281 2676 palmam
1293 2593 1399 2657 liben-

274 2699 322 2763 ter
336 2716 372 2763 ac
387 2700 529 2781 prompte
544 2698 712 2773 certemus,
728 2714 834 2761 omnes
848 2697 881 2761 in
896 2714 994 2780 agone
1005 2697 1146 2763 institiae
1155 2698 1220 2763 Deo
1232 2699 1264 2763 et
1274 2696 1399 2763 tunso

275 2802 433 2883 spectante
454 2818 612 2865 omramus
635 2802 666 2864 et
688 2800 741 2881 qui
764 2800 885 2865 maculo
906 2802 939 2865 et
960 2802 1076 2867 mundo
1097 2802 1230 2867 maiores
1251 2820 1317 2867 esse
1332 2801 1400 2865 iam

275 2903 430 2985 coepimus
446 2921 569 2969 cursum
583 2905 724 2968 nostrum
739 2903 827 2968 nulls
841 2905 957 2969 saeculi
971 2907 1004 2969 et
1018 2905 1128 2970 mundi
1143 2905 1316 2989 cupiditate
1330 2906 1400 2969 tar·

276 3006 393 3070 demus.
418 3006 446 3069 si
460 3006 631 3087 expedites,
654 3006 682 3071 si
696 3007 826 3083 celeres,
849 3007 877 3071 si
892 3008 924 3072 in
939 3008 997 3072 boc
1012 3008 1113 3089 operis
1128 3026 1226 3093 agone
1240 3010 1401 3073 currentes
1410 3026 1437 3065 as

276 3108 342 3173 dies
368 3126 423 3172 nos
448 3108 498 3174 nel
523 3109 705 3174 redditionis
731 3109 783 3174 uel
807 3110 1028 3191 persecutionis
1054 3112 1222 3189 inuenerit,
1245 3128 1401 3193 nusquam

274 3214 426 3279 Dominus
439 3215 559 3280 meritis
573 3217 686 3281 nostris
700 3217 739 3281 ad
750 3217 923 3298 praemium
937 3218 1046 3294 deerit,
1062 3218 1095 3281 in
1109 3234 1183 3297 paoe
1197 3215 1397 3281 uincentibus

276 3334 416 3382 eoronam
431 3318 594 3383 candidam
608 3337 663 3401 pro
677 3319 820 3401 operibns
835 3319 932 3396 dabit,
947 3321 981 3384 in
991 3320 1201 3402 persecutione
1211 3336 1402 3402 purpuream

276 3422 485 3503 propassione
501 3422 682 3506 geminabit.

327 3610 342 3661 7
361 3626 408 3664 uos
420 3610 493 3678 patri
501 3610 565 3665 We.
578 3611 594 3664 l.
608 3614 673 3665 m.2
732 3612 877 3679 9qchs.
888 3612 906 3665 l.
919 3616 983 3664 uc2
1058 3612 1101 3664 sni
1112 3612 1211 3665 ora.ll'
1262 3613 1292 3663 11
1306 3617 1403 3663 creant

278 3694 304 3749 G
383 3695 417 3748 14
434 3712 477 3749 res
489 3699 531 3750 est
542 3698 654 3765 scripsit
664 3698 761 3752 Roatb
845 3699 944 3752 iratres
954 3697 1128 3753 dilectissimi
1146 3699 1182 3754 W
1269 3696 1402 3765 operatio}

273 3784 361 3838 oratio
372 3782 403 3837 F
453 3785 486 3839 16
504 3786 703 3838 monumentum
720 3784 757 3839 θ’
815 3802 858 3838 res
869 3801 944 3838 exre
960 3784 1060 3839 Gact'
1120 3784 1152 3837 ll
1169 3784 1299 3837 iacientes
1312 3782 1351 3835 W

274 3870 310 3923 20
326 3870 441 3940 perferet
458 3870 495 3933 G,
514 3870 625 3939 perferri
637 3869 678 3935 F,
695 3870 814 3939 praefert
824 3872 895 3925 00πά
907 3871 1056 3924 Merclliuc
1106 3870 1204 3924 christi
1222 3871 1255 3920 W
1303 3868 1338 3921 23
1355 3884 1403 3921 ex·

275 3958 399 4025 pectante
415 3954 452 4009 G*
519 3956 555 4009 25
571 3954 684 4009 celerius
695 3954 726 4008 F
785 3956 821 4009 26
837 3954 979 4011 reditionis
994 3957 1031 4021 V,
1047 3954 1210 4009 redditiones
1226 3956 1252 4007 G
1323 3954 1403 4007 inue-

275 4042 335 4095 niat
346 4040 377 4095 F
432 4058 578 4111 numquam
594 4042 616 4093 V
683 4042 718 4096 27
735 4025 799 4097 ὼιῖι
814 4043 852 4097 W
923 4043 959 4097 29
975 4042 1127 4112 geminanit
1140 4044 1178 4106 G,
1197 4040 1348 4111 geminabit
1362 4042 1405 4095 W

274 4144 295 4181 a.
306 4128 323 4181 l.
336 4133 400 4182 ac2
507 4142 618 4182 cancrnr
641 4142 780 4182 crrnmnr
801 4144 838 4182 nn
861 4144 953 4183 orm
968 4144 1004 4182 rar
1020 4143 1198 4183 annuosms
1215 4144 1347 4182 nrnrmr
1363 4128 1402 4183 F.

275 4229 312 4267 nn
329 4228 420 4271 erana
438 4229 472 4267 nr
490 4228 658 4268 nannenus
680 4229 812 4270 mucra·
827 4215 876 4279 W,
906 4230 1038 4269 nxrnrcrr
1060 4230 1098 4268 nn
1115 4230 1205 4268 orma
1223 4232 1258 4268 ur
1275 4230 1403 4268 suumo-

278 4315 343 4354 srnn
360 4299 519 4367 Gamerae
530 4314 565 4354 rrr
577 4316 594 4353 a
607 4302 723 4368 amaa).
