3025 4967
303 405 364 470 792
692 401 837 458 Oneoilii
853 401 1015 470 Cypriani

296 577 386 640 quem
408 557 546 623 Christus
566 558 733 624 Dominum
755 558 787 621 et
806 557 907 622 Deum
931 577 1022 622 suum
1046 556 1167 633 dixerit,
1192 555 1404 619 remuneretus

296 660 449 726 eOhristo
470 661 679 726 remissionem
700 661 895 742 peecatorum
914 662 946 724 et
965 659 1114 742 baptismi
1133 658 1406 724 smotitioetiouem

296 763 500 845 oonsequitur.
516 781 576 845 qua
590 765 694 828 eutem
708 764 862 844 potestate
876 765 1018 845 oonsequi
1031 764 1066 828 in
1080 763 1234 846 baptismo
1247 760 1408 825 remissio-
1501 788 1502 869 3

296 885 366 931 nem
388 868 581 948 pennatorum
600 868 703 947 potest
715 885 831 949 negans
846 867 946 931 Deum
960 867 1126 931 creatorem
1140 865 1263 948 Christi,
1284 864 1408 947 qunudo

295 969 395 1052 ipsum
420 969 605 1051 potestatem
630 987 690 1051 que
716 969 909 1051 baptizamur
929 970 962 1034 et
983 969 1210 1034 snuotifioemur
1232 968 1272 1033 eb
1297 967 1431 1034 eodems

296 1073 383 1154 patre
398 1069 538 1136 Christus
552 1071 712 1152 eooeperit,
728 1090 820 1153 quem
834 1071 982 1136 maiorem
996 1071 1119 1150 dixerit,
1134 1091 1153 1136 u
1167 1089 1227 1153 quo
1240 1071 1409 1137 olnrifioeri

295 1174 428 1256 petierit,
445 1175 532 1240 ouius
548 1176 739 1240 uoluntatem
755 1193 852 1256 usque
865 1175 905 1239 ud
918 1175 1099 1257 obsequium
1114 1175 1237 1240 bibendi
1251 1175 1362 1240 oelioie
1376 1176 1410 1239 et

295 1277 471 1344 subeundae
491 1278 600 1342 mortis
621 1279 808 1360 inplenerit?
828 1278 903 1359 quid
922 1279 970 1342 est
987 1278 1085 1363 igitur
1099 1278 1185 1344 eliud
1198 1297 1292 1360 quum
1306 1277 1410 1358 purti-

295 1379 394 1462 oipem
409 1379 569 1444 haereticis
585 1379 870 1462 blasphemantibus
883 1379 950 1444 fieri
964 1380 1124 1446 defendere
1136 1381 1216 1445 uelle
1226 1382 1257 1444 et
1269 1382 1413 1445 adserere
1502 1382 1503 1387 ’

295 1481 375 1564 quod
399 1482 560 1547 remissam
584 1485 779 1565 peooetorum
804 1483 941 1565 eooipero
965 1483 1063 1564 possit
1086 1484 1120 1548 in
1146 1482 1259 1548 consti
1282 1483 1443 1548 nominee

294 1585 508 1666 blasphemans
523 1586 659 1670 grauiter
673 1587 705 1650 et
718 1605 845 1669 peoonns
859 1588 893 1651 in
906 1588 1026 1669 petrem
1037 1589 1069 1652 et
1079 1587 1247 1652 Dominum
1261 1589 1295 1652 et
1307 1589 1412 1652 Deum

295 1687 432 1754 Christi?
454 1689 529 1771 quid
550 1689 660 1754 deinde
680 1689 762 1753 illud
782 1689 871 1771 quale
892 1689 989 1754 estut
1003 1691 1057 1772 qui
1077 1689 1177 1755 filium
1197 1691 1292 1772 neget
1312 1708 1414 1771 neque

294 1793 415 1872 petrem
434 1791 555 1870 hubent,
582 1791 635 1873 qui
656 1793 777 1872 petrem
797 1794 890 1876 neget
909 1791 1010 1856 filium
1030 1791 1142 1857 hebere
1161 1791 1314 1867 uidentur,
1337 1811 1412 1857 oum

296 1895 380 1960 filius
394 1897 460 1976 ipse
475 1896 662 1960 oontestetur
676 1897 708 1958 et
722 1895 819 1960 diout:
842 1913 948 1961 nemo
969 1897 1097 1978 potest
1117 1896 1249 1960 uenire
1270 1896 1317 1959 nd
1338 1913 1412 1976 me,
1503 1916 1504 1981 o

294 1999 372 2064 nisi
395 1998 518 2062 fuerit
540 1998 670 2064 datum
692 1998 757 2063 illi
777 2001 941 2080 epatre?
963 2001 999 2063 ut
1012 1997 1212 2063 menifestum
1227 1998 1270 2062 sit
1283 1997 1441 2062 nnllnmu

293 2100 504 2166 remissionem
528 2101 723 2182 peooetonrm
744 2101 778 2166 in
797 2101 952 2184 baptismo
973 2101 1071 2182 eooipi
1085 2119 1104 2166 u
1117 2099 1182 2164 filio
1203 2117 1292 2181 posse
1314 2119 1413 2181 quem

293 2204 412 2270 oonetet
430 2206 551 2285 petrem
567 2222 625 2268 nou
641 2204 770 2280 dedisse,
791 2204 925 2269 menime
940 2204 1061 2286 quando
1075 2203 1175 2268 edhuo
1188 2203 1272 2268 idem
1285 2203 1412 2284 repetet

293 2307 326 2371 et
340 2306 437 2371 diost:
460 2307 580 2372 omnis
595 2307 794 2389 plantatio
813 2326 925 2389 quem
944 2323 1016 2372 non
1036 2306 1279 2390 plenteuerit
1299 2309 1416 2388 petor

294 2428 400 2475 meus
423 2409 609 2474 eoelestis
633 2409 909 2475 erudicabitur.

248 2527 286 2590 ιο
336 2510 425 2590 Quod
446 2514 472 2577 si
487 2511 602 2577 Christi
625 2512 770 2593 discipuli
791 2514 908 2578 diesem
928 2533 964 2579 er
978 2511 1099 2578 onnon
1121 2513 1230 2578 nolunt
1251 2516 1440 2594 quantuni·
1504 2546 1505 2585 ᾗ

294 2615 499 2680 uenerationis
515 2616 547 2679 et
561 2616 681 2680 honoris
695 2616 822 2698 patemo
835 2616 952 2682 nomini
967 2617 1123 2699 debentur,
1140 2617 1191 2680 uel
1205 2617 1244 2680 de
1258 2615 1411 2698 exemplis

396 2835 486 2890 1410.
504 2839 529 2901 6,
547 2837 588 2892 65.
658 2838 692 2892 18
708 2837 807 2893 moen.
826 2839 867 2904 15,
886 2837 927 2892 13.
973 2885 980 2900 .

345 3026 361 3078 1
374 3025 504 3079 christum
516 3025 603 3082 nnn
697 3010 946 3097 dominum1dn‘b‘1,
1039 3029 1067 3081 et
1078 3042 1128 3080 on.
1144 3027 1169 3080 n
1260 3039 1411 3078 emanere

294 3112 338 3164 tue
354 3111 444 3165 Trem
455 3111 488 3164 in
499 3128 563 3179 rae,
576 3115 765 3167 rememoratus
778 3112 805 3165 Β
916 3112 1040 3166 hohristi
1053 3113 1081 3166 Β
1182 3111 1199 3164 3
1210 3110 1273 3180 qus]
1287 3111 1337 3178 qui
1350 3110 1378 3164 Β

293 3197 454 3265 potestutem
470 3197 502 3252 0¹
512 3199 558 3262 T¹,
571 3200 661 3266 potest
673 3197 700 3251 Β
756 3183 763 3194 “
819 3197 1040 3252 inremissionem
1056 3196 1080 3252 0
1199 3197 1325 3265 dpoteue
1338 3195 1373 3250 θ’

294 3281 449 3336 creditorem
465 3282 499 3337 0¹
632 3283 764 3337 christum
775 3283 869 3338 ΒΜ·ι
1001 3283 1092 3351 eque]
1105 3281 1153 3351 qui
1164 3281 1191 3336 L
1320 3281 1413 3350 bspti-

293 3383 383 3422 uumue
399 3369 434 3422 Τι
542 3369 748 3439 sanctificemur]
760 3369 996 3423 senetifloetionem
1011 3368 1049 3422 Ge
1148 3366 1361 3422 dolurifioeuri·
1376 3367 1411 3426 Γ,

294 3455 438 3509 olnrifloere
454 3454 488 3509 0¹
587 3455 602 3508 7
615 3455 723 3508 uiuendi
735 3455 764 3509 Β
856 3456 874 3509 8
884 3454 1036 3509 subeundus
1047 3469 1082 3508 en
1093 3453 1235 3507 seeundum
1246 3452 1339 3506 eodem
1356 3453 1382 3508 0

223 3593 226 3600 .
295 3555 375 3609 quum
387 3556 421 3595 en
431 3541 478 3610 qui
493 3543 522 3606 0,
534 3556 613 3609 quem
625 3541 741 3609 aliquem
752 3541 779 3594 Β
906 3541 1019 3594 duellet
1031 3541 1058 3594 P
1183 3538 1218 3592 10
1228 3538 1343 3592 remisse
1354 3539 1384 3593 P

294 3627 323 3680 in
341 3627 437 3680 ohrieti
454 3627 558 3680 nomine
574 3627 690 3696 poeeito
843 3626 875 3680 11
887 3626 1058 3694 blasphemes
1070 3625 1099 3680 P
1249 3626 1359 3693 putrem
1375 3623 1414 3692 et]

293 3713 398 3782 petrem
410 3712 452 3779 B,·
464 3711 529 3776 sort.
542 3713 644 3780 putrem
658 3711 739 3765 idest
815 3714 843 3764 et
854 3727 903 3766 oso
917 3711 986 3778 BP;
998 3714 1026 3764 et
1037 3711 1116 3764 deum
1127 3700 1177 3764 out
1191 3709 1217 3762 1·
1294 3710 1329 3764 12
1340 3709 1413 3763 ebri-

295 3800 367 3852 stnm
379 3798 463 3854 LNP
579 3797 674 3866 fllium]
687 3797 829 3850 filiumdei
843 3799 883 3852 ib
1003 3797 1037 3850 13
1048 3796 1105 3866 qui]
1119 3795 1205 3864 etqui
1215 3811 1239 3860 n,
1252 3795 1299 3864 qui
1310 3797 1341 3848 et
1353 3796 1383 3850 Β

294 3885 376 3953 neget
387 3886 490 3952 putrem
503 3883 525 3936 0
615 3883 648 3936 14
659 3885 826 3936 oontestntur
837 3883 898 3936 ΘΤ·
993 3884 1028 3937 15
1038 3883 1126 3936 fueret
1137 3881 1171 3936 0¹
1263 3881 1307 3935 illi
1318 3881 1416 3935 dutum

296 3971 361 4025 1300
501 3971 535 4024 16
545 3969 575 4022 in
588 3968 721 4038 baptismo
732 3969 818 4037 sooipi
829 3984 846 4022 e
857 3968 913 4022 filio
926 3969 992 4024 Tin
1002 3984 1085 4039 nore.
1097 3969 1194 4022 iem
1338 3983 1417 4036 pom

296 4054 378 4108 edlio
391 4055 419 4108 P
530 4054 562 4108 17
575 4053 727 4110 dedissetO
836 4053 906 4108 idem
917 4069 967 4109 oue
980 4053 1004 4109 0
1115 4053 1149 4108 18
1160 4053 1297 4123 phntnur't
1308 4053 1384 4106 Rue

296 4141 329 4193 19
340 4139 522 4195 eoelestieonu
537 4139 564 4194 13
696 4140 837 4194 noohnoti
847 4139 985 4210 discipuli]
996 4139 1173 4194 christino
1302 4137 1416 4205 dinero]

294 4223 388 4277 dooere
400 4224 434 4288 L,
446 4225 578 4280 diseedere
590 4226 618 4280 Β
735 4225 777 4294 ex}
789 4239 807 4278 e
818 4225 882 4281 Βθυ
993 4226 1088 4280 nolunt
1099 4225 1184 4280 ontC
1300 4224 1417 4278 oleoso

297 4309 333 4362 rie
345 4310 525 4378 peternomine
537 4311 571 4366 0¹
677 4311 710 4364 de
720 4327 771 4366 ons
786 4311 812 4364 T
