3025 4967
1089 414 1209 463 LXXXV

83 544 258 611 Castrensis
287 542 436 630 Cynum
470 564 562 630 opera
589 546 623 613 in
650 564 767 613 nouum
802 548 939 615 ordinem
968 549 1208 635 Pamelianoqua

84 657 249 723 meliorem
273 657 396 741 digesta
417 658 456 723 sd
476 658 616 723 uetustos
636 657 732 725 libros
754 659 928 726 aoonratius
951 660 1208 741 emondsuarunt3

83 769 185 835 textui
208 769 327 854 insigni
351 769 528 853 legentium·
552 770 711 837 commodo
737 770 893 837 nudantes
919 772 1067 839 lectiones
1088 792 1125 839 ex
1145 774 1211 841 suis

83 880 284 963 aliorumque
304 880 462 947 codicibus
484 882 607 985 pptitas
629 882 815 949 lectionibus
837 884 1050 951 adnotationes
1072 885 1212 952 subiece-

5 1025 6 1034 .
81 993 166 1057 runt
187 1010 284 1074 opera
303 994 409 1076 spuria
429 993 538 1059 libello
553 992 722 1074 Expositis
741 993 868 1059 bissexti
889 995 1038 1079 inscripto
1059 999 1091 1062 et
1108 997 1211 1063 tribus

82 1103 218 1169 lmoldi
243 1104 441 1171 Bomevallis
469 1106 658 1173 uadentes
687 1108 779 1173 aneta
808 1108 937 1173 seorsim
967 1108 1131 1175 ediderunt
1156 1126 1211 1175 suo

82 1215 228 1299 qnodque
242 1217 361 1281 auomri
375 1217 533 1283 uindicare
548 1219 660 1284 conati.
675 1221 870 1285 moesssrnnt
884 1218 1030 1285 Aeones
1051 1220 1209 1301 Cypriani

82 1330 151 1393 siue
172 1328 322 1393 tredecim
341 1348 501 1395 annuum
521 1330 634 1411 quibus
654 1329 687 1397 S.
705 1330 890 1413 Cyprianus
909 1332 993 1396 inter
1013 1330 1213 1397 Christianos

83 1446 234 1505 uersutus
252 1446 297 1506 est
316 1441 421 1507 &cuis
440 1440 574 1506 historio
587 1462 650 1522 per
664 1442 821 1507 Ioannem
836 1440 1025 1509 Oestremscm
1039 1445 1071 1508 et
1085 1441 1213 1509 Disser-

81 1554 220 1617 tatioucs
241 1551 456 1634 Cyprianicuc
476 1553 515 1619 ob
535 1553 674 1619 Hernico
692 1552 854 1621 Doduetto
872 1555 913 1620 A.
930 1555 979 1621 M.
994 1554 1212 1622 Dubtinicnsi.

83 1666 120 1729 ds
130 1664 286 1730 subsidiis
301 1664 419 1730 euticis
433 1664 509 1730 haee
522 1665 711 1731 adnotantur
721 1668 755 1733 iu
766 1667 973 1750 praefatione:
991 1667 1214 1749 Munuscripti

83 1777 203 1841 emices
230 1761 436 1857 suppetebant
458 1775 550 1854 miti,
575 1780 711 1857 quatum
734 1776 921 1856 Bodleieni,
946 1783 1081 1860 quotuor
1106 1778 1214 1843 itidem

83 1888 301 1953 ibustsissimi
315 1885 358 1951 D.
375 1887 484 1953 Isuuci
507 1887 625 1967 Vossii;
638 1887 701 1953 duo
715 1888 803 1953 Noui
819 1888 952 1973 Oottcpii
965 1888 1114 1970 nmmo,
1129 1908 1215 1955 unus

82 2000 209 2083 mttepii
221 1999 462 2065 Iuncotuicusis
475 2000 599 2078 ebidem
613 2019 699 2065 unus
713 1999 1087 2085 cottcpiiPembroctiuni
1096 2000 1214 2067 Conto-

83 2112 218 2195 bripinm
244 2131 330 2177 unus
355 2110 551 2177 bibliothecae
575 2111 818 2191 Lumbcttunec,
848 2112 935 2179 atius
958 2114 1214 2192 Aruudetiunue,

82 2223 175 2288 otius
188 2222 413 2301 Eumenen,
427 2222 514 2289 otius
532 2223 881 2302 Wcstmonustcrienssb,
897 2225 983 2291 atius
997 2224 1215 2292 sarisburien-

82 2337 137 2413 sis,
153 2335 245 2400 atius
253 2334 469 2401 Omouiuuuc.
485 2334 587 2399 Porro
600 2336 847 2402 communicatae
861 2342 936 2403 sunt
946 2335 1026 2402 miti
1037 2336 1216 2403 succubus

82 2447 202 2513 codicis
222 2446 346 2530 concuti
368 2445 516 2529 Corporis
538 2446 659 2515 Christi
675 2448 912 2532 Oantutripiue,
932 2454 960 2515 ct
980 2448 1114 2515 uinctus
1128 2448 1213 2515 Lon·

84 2560 243 2624 disemis.
270 2578 366 2640 opera
385 2558 564 2625 Reueruudi
582 2560 651 2623 uiri
672 2559 808 2626 Thomas
828 2560 909 2627 Gale
929 2558 1113 2628 ss‘steot.
1135 2560 1215 2627 Pro-

83 2672 225 2753 fmus.
242 2650 621 2743 comessationum
634 2672 771 2753 queue
781 2670 1215 2754 sensumsensurn

85 2783 147 2846 dus
162 2783 200 2847 iu
217 2780 344 2848 Christo
354 2781 453 2847 Pater
464 2782 662 2863 Asuptcnsis
673 2783 859 2866 Episcopus.
878 2782 1107 2851 Gottotionibus
1121 2782 1217 2848 nium

85 2892 239 2959 Codicum
255 2892 397 2972 thuani,
417 2914 473 2959 uec
487 2912 553 2959 non
566 2893 777 2960 ωεηώἰοναοη
792 2895 824 2963 S.
842 2894 1013 2961 Michaelis
1027 2894 1065 2958 in
1074 2893 1217 2976 periculo

82 3007 196 3083 muris,
212 3006 246 3072 S.
269 3005 401 3071 Vectoris
414 3006 623 3086 Pnrtsicnsis,
638 3007 671 3073 S.
684 3007 802 3072 Mauri
818 3006 1025 3084 nunnus,
1039 3010 1067 3071 et
1083 3007 1116 3073 S.
1124 3005 1216 3071 Petri

87 3116 285 3183 cernuus
304 3119 375 3199 frui
395 3118 506 3183 ciuium
526 3123 580 3197 est,
605 3138 643 3184 ee
663 3119 826 3202 sicmnturi
847 3118 1045 3183 humanitate
1060 3116 1218 3183 neuneu

84 3228 200 3293 dorum
227 3228 366 3294 Petrum
391 3230 674 3297 Benedictinornm
698 3230 850 3295 Lutetiae.
877 3228 1014 3294 Demum
1038 3228 1218 3295 collationes

86 3340 211 3421 utmuot
219 3339 370 3405 Codicum
387 3340 621 3421 Vaticanorum,
641 3342 825 3408 Veronensis
836 3340 945 3405 itidem
955 3344 1047 3421 utque
1055 3338 1218 3405 Bencenn-

87 3456 170 3529 tuui‚
194 3472 254 3517 nec
278 3471 344 3516 non
365 3450 462 3534 nun
484 3451 624 3530 (initiae,
649 3453 753 3518 studio
778 3452 967 3518 amicissimi
992 3451 1061 3515 uiri
1082 3449 1218 3515 Domini

88 3564 216 3630 Robcrti
224 3563 340 3647 Ripbp,
349 3563 431 3628 miti
442 3568 615 3646 opportune
620 3565 872 3647 perimebantur.
885 3562 1015 3647 apposui
1026 3562 1103 3628 haee
1113 3562 1217 3645 uerba,
1285 3557 1288 3566 '

88 3677 203 3759 quibus
222 3677 299 3741 solis
315 3678 353 3742 ds
367 3676 527 3742 codicibus
541 3677 595 3758 qui
609 3676 643 3743 in
658 3676 792 3761 Anglise
806 3675 1006 3741 bibliothecis
1021 3674 1219 3741 moereantur

89 3790 220 3853 conant.
247 3788 436 3854 uetustiores
457 3788 485 3853 si
504 3787 550 3853 ibi
573 3782 717 3865 nsunt,
744 3806 781 3853 cx
804 3786 1063 3855 bibliothecarum
1090 3785 1219 3852 latebris

90 3900 224 3965 editores
244 3919 306 3983 qna
326 3900 401 3965 sunt
422 3900 569 3984 diligenti
585 3918 663 3965 curs
684 3900 749 3966 sine
772 3898 866 3964 dubio
881 3899 1094 3981 protulissent.
1121 3916 1219 3980 noque

91 4011 146 4092 qni
160 4013 231 4093 post
244 4030 296 4079 sos
307 4012 444 4098 Anglias
458 4011 663 4077 bibliothecas
677 4012 889 4094 perscrutatus
904 4011 952 4076 est
962 4008 1067 4076 Routh
1082 4009 1219 4075 oodiesm

91 4122 148 4203 qni
175 4124 334 4191 samaim
363 4122 522 4189 decimum
548 4124 654 4189 astute
682 4123 841 4207 superaret
869 4122 973 4206 potuit
998 4120 1136 4187 inuenire
1167 4118 1218 4205 (of.

94 4234 209 4316 seren.
226 4236 326 4303 uus.
342 4234 497 4318 meua
505 4235 686 4316 munuca
700 4233 856 4315 quum
871 4230 965 4299 exon.
984 4232 1067 4299 1sss
1082 4251 1111 4315 p.
1131 4230 1217 4313 841).

11 4323 12 4332 ἵ
96 4344 258 4414 dolendum
269 4347 454 4415 esthehm
467 4363 522 4429 pro
537 4364 623 4413 mors
636 4345 725 4411 illius
741 4344 855 4410 aetatis
870 4342 992 4426 quaein
1003 4339 1221 4408 exhauriendis
