3025 4967
473 376 633 447 Epistula
650 376 871 433 xxi-nu.

374 631 761 747 EPISTVLA
798 633 978 750 XXII.

118 842 247 899 LVOIAN
250 841 290 897 VS
308 838 488 897 OEbnnmo
502 790 647 897 ummo
664 840 698 894 SI
716 838 852 896 DIGNVS
871 840 989 899 TVERO
1007 840 1139 899 vocam
1157 840 1238 899 COL-

410 933 414 942 ’
489 924 582 981 unul
600 925 642 981 IN
660 925 812 983 CHRISTO
829 926 856 982 S.

154 1100 268 1183 Accepi
282 1100 405 1165 litteras
419 1098 500 1177 tuas,
517 1098 648 1165 Domine
663 1096 760 1164 frater
775 1098 989 1179 dilectissime,
1009 1100 1043 1166 in
1058 1100 1171 1183 quibus
1186 1099 1265 1166 mel

94 1204 234 1269 stantum
250 1202 399 1288 graumti,
421 1201 456 1267 ut
471 1202 596 1285 propter
610 1201 699 1267 tuam
714 1203 931 1287 grauationem
945 1204 1071 1269 tantum
1086 1202 1238 1288 gaudium
1298 1194 1301 1201 ’

115 1325 206 1389 paene
231 1306 388 1383 exciderit,
413 1305 449 1369 ut
470 1304 593 1370 litteras
618 1322 694 1388 quas
716 1304 747 1369 et
768 1322 825 1389 ego
846 1305 996 1388 optabam
1019 1306 1090 1389 post
1112 1305 1239 1371 tantum

114 1408 260 1493 temporis
281 1409 393 1495 legere,
415 1407 577 1490 inquibus
599 1407 661 1472 mei
677 1406 825 1493 dignatus
840 1426 873 1475 es
887 1426 1068 1488 memorare,
1091 1408 1238 1475 beneficio

115 1514 214 1578 tantae
228 1513 302 1578 tuae
315 1510 506 1577 humilitatis
519 1510 623 1597 legero
638 1510 787 1590 exultaui,
807 1511 861 1593 qui
875 1511 1012 1577 scribens
1026 1511 1106 1578 milri
1121 1512 1238 1579 diceres

113 1608 148 1681 ‘si
162 1615 274 1701 dignus
290 1614 375 1680 fuero
391 1614 486 1680 frater
500 1613 654 1679 nominari
668 1606 760 1691 tuus,'
776 1612 912 1679 hominis
928 1614 982 1697 qni
997 1614 1080 1697 apud
1093 1614 1238 1697 pusillio-

85 1736 160 1783 rores
180 1735 292 1783 nomen
306 1716 365 1783 Dei
387 1734 458 1783 cum
480 1716 593 1783 timore
613 1714 770 1783 confessus
792 1736 871 1782 snm.
897 1736 972 1783 nam
986 1717 1022 1783 tn
1036 1718 1101 1783 Deo
1116 1718 1239 1784 uolente

115 1821 213 1903 ipsum
228 1838 362 1905 anguem
377 1819 535 1897 maiorem,
550 1820 735 1885 metatorem
748 1819 936 1898 antichristi,
951 1837 1011 1885 non
1026 1820 1152 1886 tantum
1166 1838 1239 1886 con·

115 1924 209 1989 lessus
224 1922 404 1989 deterruisti
414 1922 542 1988 uocibus
553 1922 619 1989 illis
630 1924 662 1988 et
673 1923 777 1989 uerbis
789 1922 905 1989 deificis
917 1923 1031 2006 quibus
1042 1922 1105 1989 scio
1116 1924 1139 2006 †
1151 1920 1239 2007 qnasi

115 2026 264 2092 amatores
290 2025 363 2091 fidei
389 2025 421 2091 et
446 2025 581 2111 zelotypi
607 2026 791 2110 disciplinae
813 2024 940 2109 Christi,
967 2026 1001 2092 in
1027 2044 1088 2109 qua
1111 2027 1143 2091 te
1164 2025 1240 2092 noui

115 2128 282 2195 uiuacitate
301 2128 418 2195 uersam
433 2128 464 2194 et
478 2128 606 2213 gaudeo,
623 2128 739 2195 uicisti.
762 2148 845 2195 nunc
859 2129 960 2213 modo,
984 2129 1151 2209 carissime,
1174 2129 1239 2195 iam

85 2232 192 2297 rsinter
210 2234 365 2317 martyres
386 2233 569 2317 deputande,
595 2233 726 2299 noluisti
746 2252 803 2300 nos
822 2233 940 2299 litteris
959 2233 1024 2299 tuis
1044 2250 1183 2318 granare,
1205 2232 1240 2299 in

116 2334 225 2417 quibus
247 2334 432 2421 significasti
453 2335 490 2401 de
511 2335 666 2402 sororibus
685 2336 810 2420 nostris,
831 2354 886 2421 pro
907 2335 1019 2419 quibus
1034 2335 1156 2403 utinam
1171 2336 1240 2404 fieri

163 2574 250 2644 Epist
270 2574 357 2629 XXII.
379 2604 411 2615 -
433 2573 535 2644 Incipit
555 2574 670 2644 epistola
687 2574 801 2630 aniani
823 2575 993 2630 rescribentis
1012 2574 1134 2632 celerino
1158 2592 1239 2646 super

114 2658 370 2715 nomineNnmcriae
391 2662 419 2714 et
431 2660 566 2715 Ganffidse
587 2662 615 2715 ct
634 2660 741 2715 nomine
752 2660 833 2715 Pauli
851 2664 879 2715 et
889 2662 1040 2731 Mappalice
1050 2664 1079 2717 et
1091 2664 1239 2717 ceterorum

114 2733 199 2815 signif
205 2746 261 2802 sibi
273 2762 317 2801 eos
328 2746 468 2801 mandasse
480 2748 512 2800 nt
522 2745 679 2817 petentibus
690 2745 769 2801 daret
778 2762 871 2817 pacem
885 2749 916 2812 T,
934 2747 1047 2801 Luciani
1065 2747 1238 2803 rescribentis

113 2829 232 2886 Celerino
253 2831 285 2885 de
305 2830 465 2902 recipiendis
485 2830 520 2885 ad
540 2846 632 2900 pacem
643 2831 773 2885 Numer-ia
793 2834 821 2885 et
833 2831 953 2888 Candida
973 2833 1041 2887 item
1061 2832 1094 2887 de
1106 2832 1192 2888 Paula
1209 2836 1238 2888 ct

110 2915 241 2986 llapalice
253 2916 300 2986 qui
309 2916 424 2973 Paulum
436 2918 525 2987 ipsum
537 2916 673 2986 significat
684 2917 846 2971 moriturum
858 2917 912 2971 sibi
922 2917 1063 2972 mandasse
1073 2919 1106 2971 ut
1115 2920 1238 2988 peniten-

111 3001 181 3056 tibus
193 3002 272 3058 daret
283 3018 373 3071 pacem
385 3018 419 3065 so,
432 3002 555 3071 Epistola
566 3002 681 3057 lanciani
693 3002 727 3058 ad
739 3002 891 3059 celerinum
902 3006 1056 3073 responsiue
1067 3023 1098 3075 φ,
1119 3004 1184 3059 alia
1195 3021 1238 3061 re·

110 3087 209 3157 scripta
221 3087 345 3157 (Luciaui
356 3086 421 3142 add
434 3104 468 3142 m.
480 3088 511 3157 2)
524 3108 552 3158 μ.
565 3117 599 3129 -
610 3089 627 3143 2
639 3088 774 3143 Lnoianus
786 3104 835 3145 ora
852 3091 920 3160 Τφμ
994 3090 1102 3146 domino
1115 3105 1165 3146 om.
1179 3110 1201 3160 φ
1290 3144 1293 3147 ,

111 3172 272 3242 bpe'rtuam
284 3193 312 3243 p,
325 3175 457 3243 perpetua
472 3174 498 3228 T
581 3174 739 3244 gradatione
754 3176 780 3229 Τ
862 3178 940 3230 tanto
952 3175 1080 3245 paudioo
1165 3176 1237 3231 tex·

107 3257 202 3313 ciderit
212 3276 246 3325 sc,
259 3258 407 3315 excideram
419 3278 472 3329 φρ,
485 3258 605 3315 excidua
620 3261 651 3329 T,
665 3259 836 3317 exciderimo
915 3261 1023 3315 litteras
1034 3264 1132 3331 tnasp
1208 3263 1238 3317 et

110 3358 189 3415 ornys
277 3346 293 3399 7
312 3345 380 3400 meis
391 3345 521 3416 dignatus
533 3362 567 3415 so,
585 3346 713 3416 dignatm
724 3347 813 3415 meip
901 3362 929 3402 ee
941 3362 992 3403 ora.
1007 3349 1050 3417 Tp
1137 3362 1238 3403 memo·

109 3432 192 3501 rarip
288 3433 379 3487 8tuae
391 3432 544 3486 hutilitatis
557 3452 584 3502 μ,
602 3432 768 3487 humilitatis
779 3435 877 3502 tnaep
969 3432 1148 3488 exultamrim
1159 3449 1201 3489 soc

106 3512 195 3571 dicens
211 3518 241 3582 T,
255 3516 402 3588 diligensp
489 3518 581 3573 9tuns
592 3518 761 3589 nominarip
848 3519 883 3575 10
892 3519 1018 3574 timorem
1032 3520 1065 3588 T,
1077 3534 1202 3574 amoresc

109 3602 258 3657 conlcssum
270 3606 341 3671 (sum
353 3605 415 3672 oca.)
431 3605 500 3673 T¹rp,
513 3604 648 3660 confessus
664 3606 701 3660 T'
792 3605 867 3675 nam]
879 3620 915 3659 na
929 3607 955 3660 T
1040 3608 1073 3660 tu
1083 3622 1134 3661 osa
1147 3625 1168 3674 μ

109 3686 140 3739 11
157 3687 245 3757 ipsam
260 3690 303 3755 T¹,
326 3692 389 3743 ante
406 3690 526 3760 ipsamp
623 3692 792 3762 metatorem]
811 3691 1007 3746 etatrodorem
1019 3707 1067 3762 «pso
1164 3691 1237 3745 anti·

108 3771 238 3843 cbristop
307 3776 442 3831 confessus
454 3792 510 3831 esee
521 3778 565 3846 Tp
634 3777 668 3832 12
677 3776 796 3849 uocibus]
809 3777 968 3849 duobuspe
1036 3777 1073 3848 et]
1086 3776 1203 3831 etiamen

108 3856 224 3913 multicia
246 3852 348 3915 deificis
368 3880 390 3931 φ
489 3862 523 3916 13
544 3864 572 3916 et
595 3878 644 3917 ora.
667 3883 686 3933 μ
785 3864 929 3933 disciplina
952 3865 1023 3935 Τφω
1066 3919 1068 3922 ,
1120 3878 1173 3932 qua
1195 3862 1235 3933 te]

107 3944 218 4014 quatip
311 3948 339 4001 te
351 3947 639 4017 neut1tenom0ae0e.
732 3949 768 4004 14
778 3950 924 4004 dicacitate
939 3950 965 4004 T
1052 3948 1164 4017 uersari]
1176 3964 1236 4002 uer·

107 4030 206 4084 satoris
221 4032 276 4099 Tp,
297 4035 418 4088 uersatus
439 4050 507 4103 esp,
528 4037 666 4089 uersatum
677 4052 702 4089 rc
799 4037 827 4090 ct
838 4051 888 4090 ora
905 4037 959 4107 Tap,
981 4037 1038 4092 teo
1135 4033 1235 4104 gaudio

113 4114 187 4185 Τφμ,
208 4117 238 4171 in
250 4116 384 4187 gaudioso
480 4119 576 4173 uixisti
591 4121 670 4191 Tyro,
691 4120 837 4190 iunxistiyr
934 4136 1004 4176 nnnc
1019 4120 1106 4189 modo]
1128 4135 1235 4184 nuncu,

109 4214 201 4255 uuum
212 4202 290 4258 modo
301 4220 327 4258 sc
412 4204 620 4275 inmartyribus
636 4207 662 4261 T
745 4205 911 4275 deputandos
923 4222 972 4276 pao
1051 4205 1165 4261 uoluisti
1172 4210 1237 4276 post

108 4300 225 4353 grauate
236 4306 284 4359 uno
