3025 4967
313 408 363 458 cn
710 388 859 445 Caecilii
877 386 1040 458 Cypriani

313 563 391 628 quas
416 548 456 613 ad
481 547 654 629 probandae
683 547 813 612 uirtutis
843 546 1053 629 experimenta
1075 544 1274 627 perpetimur,
1303 560 1362 609 uon
1389 546 1439 608 est

312 667 419 732 poena,
435 651 508 731 quia
522 652 689 734 gloriaest.
706 652 760 716 sed
774 651 840 715 esto
855 670 937 727 sane,
953 649 1041 714 nobis
1056 666 1152 731 poena
1162 665 1223 712 non
1234 648 1277 713 sit
1289 648 1434 713 exilium:

312 752 378 816 illis
403 753 552 818 ultimum
579 753 695 817 crimen
719 755 751 818 et
774 753 945 836 pessimum
970 751 1056 817 nefas
1083 752 1177 815 etiam
1203 750 1341 832 iptorum
1362 768 1434 816 con-

312 858 442 923 scientia
462 858 551 922 testis
571 857 737 940 adscribat,
760 858 813 938 qui
829 856 957 939 possunt
971 855 1186 921 innocentibus
1201 854 1337 937 irrogare
1351 853 1433 935 quod

310 961 423 1041 putant
442 979 582 1042 poenam.
603 961 672 1024 nolo
693 978 775 1023 nunc
789 960 960 1025 describere
975 958 1037 1023 loci
1052 958 1186 1041 gratim
1202 958 1234 1022 et
1248 956 1459 1022 deliciarum

311 1063 450 1128 omnium
469 1065 650 1145 paraturam
670 1063 798 1129 interim
819 1065 949 1127 nauseo.
971 1063 1125 1146 fingamus
1146 1062 1249 1125 locum
1263 1060 1355 1125 illurn
1370 1060 1435 1123 situ

310 1167 479 1253 sordidum,
507 1168 685 1250 squalidum
706 1168 787 1250 uisu,
815 1184 876 1231 non
898 1167 1037 1232 salubres
1057 1184 1152 1248 aquas
1173 1164 1347 1241 habentem,
1373 1182 1434 1228 non

310 1271 513 1335 amoenitates
528 1271 648 1354 uiroris,
673 1289 733 1336 non
748 1269 898 1334 uiciniam
912 1269 1025 1346 litoris,
1041 1269 1095 1333 sed
1110 1269 1216 1333 uastas
1230 1285 1321 1350 rupes
1336 1266 1434 1331 silua-

199 1364 210 1387 '
309 1391 380 1437 rum
401 1374 483 1441 inter
501 1374 673 1456 inhospitas
693 1372 797 1439 fauces
813 1373 951 1438 desertae
967 1371 1134 1437 admodum
1149 1370 1337 1454 solitudinis,
1361 1370 1434 1435 auia

308 1476 419 1541 mundi
439 1480 528 1559 parte
549 1477 749 1541 summotum.
773 1477 876 1559 posset
896 1476 971 1540 licet
992 1475 1067 1540 talis
1088 1474 1174 1539 locus
1195 1473 1307 1539 babere
1321 1491 1476 1537 uomenro

309 1579 406 1662 exilii,
433 1598 493 1661 quo
519 1578 689 1663 Cyprianus
717 1578 856 1644 sacerdos
882 1578 941 1643 Dei
968 1578 1103 1655 uenerat,
1131 1595 1190 1641 non
1216 1576 1247 1640 si
1269 1578 1433 1642 hominum

308 1682 482 1747 ministeria
503 1681 675 1761 delicerent,
695 1684 747 1746 uel
768 1682 858 1749 alites
879 1683 915 1747 ut
930 1682 1040 1746 Heliae
1060 1682 1111 1745 uel
1126 1682 1162 1744 ut
1177 1680 1306 1745 Daniele
1328 1681 1433 1763 augeli

307 1768 543 1850 ministrarent?
572 1785 654 1849 absit
681 1785 773 1863 absit,
804 1788 840 1851 ut
864 1785 970 1850 credat
998 1785 1111 1867 aliquis
1140 1784 1270 1849 cuilibet
1299 1783 1432 1848 minimo

308 1888 474 1954 dummodo
494 1889 527 1952 in
544 1888 733 1953 confessione
752 1888 887 1953 nominis
909 1888 1078 1953 constituto
1099 1888 1217 1970 aliquid
1238 1885 1431 1952 defuturum.

306 1993 429 2056 tantum
445 1992 533 2056 abest
547 1992 583 2056 ut
594 1992 653 2057 Dei
668 1976 808 2075 pontifex
822 1992 877 2056 illo
892 1992 945 2075 qui
960 1992 1188 2057 misericordiae
1204 2010 1324 2072 semper
1338 1990 1431 2055 rebus
1442 2011 1475 2050 rs

306 2095 465 2161 institerat
480 2094 630 2160 honomm
646 2095 785 2160 omnium
801 2095 911 2178 opibus
925 2095 1088 2178 indigeret.

256 2195 296 2258 12
348 2198 417 2262 Iam
449 2217 540 2274 nuno,
578 2198 660 2279 quod
694 2197 826 2263 secundo
855 2215 1016 2280 posueram
1045 2199 1120 2275 loco,
1156 2217 1226 2263 cum
1256 2198 1432 2281 gratiarum

307 2300 426 2364 actione
452 2303 638 2383 repetamus,
665 2302 826 2383 prouisum
853 2319 918 2365 esse
944 2300 1098 2365 diuinitus
1122 2301 1219 2365 etiam
1244 2318 1299 2382 pro
1326 2301 1431 2365 auimo

302 2404 385 2468 tanti
396 2404 457 2467 uiri
468 2405 606 2486 apricum
618 2406 649 2469 et
661 2404 873 2485 conpetentem
888 2404 1000 2481 locum,
1016 2404 1187 2485 hospitium
1199 2422 1253 2485 pro
1265 2404 1430 2468 uoluntate

303 2508 456 2572 secretum
472 2507 503 2571 et
518 2507 667 2589 quidquid
689 2506 799 2588 apponi
815 2507 858 2572 eis
874 2509 946 2572 ante
961 2507 1148 2589 promissum
1163 2507 1278 2588 estqui
1293 2526 1426 2590 regnum
1438 2530 1472 2571 ae

302 2612 335 2674 et
350 2610 503 2675 iustitiam
519 2611 578 2675 Dei
598 2613 758 2692 quaerunt.
780 2611 873 2692 atque
894 2610 930 2675 ut
951 2611 1096 2676 omittam
1117 2609 1324 2692 frequentiam
1346 2610 1428 2673 uisi-

301 2714 439 2779 tantium
455 2713 587 2779 fratrum
602 2716 634 2779 et
649 2716 786 2797 ipsorum
801 2714 872 2779 indo
887 2714 1004 2779 ciuium
1020 2714 1190 2793 caritatem,
1210 2733 1288 2796 quae
1302 2732 1427 2795 reprae-

302 2817 445 2881 sentabat
467 2819 580 2896 omnia,
605 2818 718 2900 quinus
740 2818 905 2883 uidebatur
927 2836 993 2883 esse
1013 2817 1184 2897 fraudatus,
1208 2816 1428 2881 admirabilem

302 2919 514 2985 uisitationem
540 2920 599 2985 Dei
624 2939 683 2985 non
709 2920 891 3003 praeteribo,
919 2936 979 3003 qua
1003 2920 1179 2986 antistitem
1204 2926 1296 2985 suum
1321 2920 1366 2984 sic
1392 2920 1428 2984 in

353 3140 586 3219 ladprobandae]
599 3142 822 3211 approbandeeop
899 3141 1287 3212 perpetimurexporimentaw
1367 3142 1431 3197 det

299 3225 444 3294 pessimum
456 3226 547 3280 ΜΤ
622 3227 885 3297 dignoscentibusp
968 3229 1102 3297 bputoi'
1179 3230 1294 3283 dlocnm
1307 3244 1390 3297 ceap

299 3311 382 3365 situm
397 3312 440 3381 Τμ
549 3313 665 3367 'luisum
677 3331 721 3383 rep
825 3314 958 3368 habentur
973 3316 998 3367 Τ
1099 3314 1303 3369 Semoenitates
1314 3315 1432 3383 scripsi,

300 3398 471 3452 amoenitatis
487 3399 517 3463 Τ,
530 3400 676 3454 amenitate
688 3418 720 3465 co,
734 3402 925 3454 amoenitatem
937 3418 973 3467 μυ
1047 3401 1173 3470 uigorist
1250 3401 1393 3455 uiciniaT

298 3482 345 3536 sed
357 3487 385 3536 et
396 3501 441 3552 cop
535 3489 615 3539 uasta
625 3502 704 3556 rupes
716 3508 744 3555 μ,
756 3490 835 3541 uesta
847 3502 912 3555 rupe
927 3488 958 3551 Τ,
970 3504 1048 3556 rupes
1061 3490 1140 3540 uasta
1151 3504 1175 3540 ao
1272 3488 1289 3539 9
1301 3486 1429 3555 hospitas

301 3568 357 3637 Tp¹
468 3571 625 3625 solitudines
640 3572 670 3635 Τ,
683 3572 869 3627 sollitudiniw
981 3574 1054 3643 ania]
1068 3574 1152 3627 uiaT
1261 3574 1293 3627 11
1306 3572 1353 3641 qui
1367 3573 1394 3626 T

297 3659 424 3709 uenerant
439 3658 470 3721 Τ,
482 3660 624 3711 ueneratur
635 3676 661 3711 w
798 3675 850 3713 non
862 3659 885 3713 si
897 3676 951 3728 rep,
963 3675 1015 3713 non
1028 3654 1081 3712 sibi
1098 3660 1128 3723 T,
1140 3660 1183 3713 cui
1196 3660 1219 3713 si
1231 3678 1255 3723 o,
1269 3676 1322 3713 non
1334 3659 1388 3713 sibi
1402 3661 1429 3713 si

298 3742 363 3806 fort.
449 3743 482 3795 12
493 3743 630 3798 delicerlnt
644 3746 675 3809 Τ,
686 3745 856 3800 defecerintt
939 3746 1155 3815 heliae]aliae1'
1235 3745 1335 3799 danieli
1348 3762 1390 3800 eoa

297 3826 332 3880 13
344 3827 538 3899 ministrarent]
551 3834 720 3899 procurarent
731 3848 777 3901 roo
880 3832 953 3886 absit
964 3848 1013 3885 om.
1027 3831 1095 3901 Teon
1198 3831 1289 3886 credat
1300 3847 1349 3885 om.
1367 3833 1393 3886 Τ

296 3913 445 3967 minimeT
561 3917 688 3971 muudum
700 3918 802 3973 modot
922 3920 955 3972 14
966 3919 1194 3973 confessionemT
1307 3919 1429 3973 nominis

296 3998 448 4069 christiaco
545 4002 719 4058 defuturoT
819 4005 852 4059 15
863 4005 1001 4074 pontifices
1017 4006 1043 4059 T
1136 4002 1339 4072 misericordiae]
1352 4021 1431 4060 nnnc

296 4099 433 4153 semperne
517 4088 549 4142 16
561 4088 725 4144 instituatro
810 4091 939 4144 honorum
954 4092 984 4155 Τ,
996 4092 1091 4145 horum
1102 4107 1177 4159 wpo3
1190 4108 1228 4144 aa
1237 4090 1391 4145 bonorum?

297 4170 330 4223 18
343 4171 441 4242 animo]
455 4174 575 4227 amicow
663 4176 696 4229 19
709 4178 915 4245 conpetentesT
998 4177 1169 4246 uoluptatep
1253 4178 1286 4231 21
1300 4176 1431 4246 frequen·

294 4256 365 4309 tium
380 4258 414 4312 ΤΙ
520 4261 554 4315 22
565 4262 683 4331 ipsorum
695 4266 750 4317 eto
853 4264 900 4332 qui
912 4263 1110 4333 representabat
1122 4280 1154 4327 ro,
1165 4278 1246 4332 quare
1256 4266 1429 4331 praesentem

295 4346 440 4411 quaerebat
453 4346 480 4401 Τ
536 4348 570 4403 23
583 4348 741 4403 uideaturao
799 4348 922 4418 iiquam
938 4350 985 4405 Teo
1044 4351 1199 4405 samnitem
1215 4350 1245 4413 Τ,
1259 4350 1389 4403 antistem
1403 4368 1434 4405 w
