3025 4967
271 448 273 455 ’
312 432 373 477 xlv

307 568 484 648 praecipua
499 569 613 630 ueteris
627 568 804 647 scripturae
819 566 1021 644 liniamenta,
1036 568 1076 632 ab
1091 567 1194 648 ipsius
1208 568 1356 633 Auctoris
1370 568 1459 632 stilo

311 684 439 746 seruata
463 678 598 761 fideliler
620 680 657 742 in
680 679 808 759 optimis
833 679 1071 760 eaernplaritns
1106 678 1275 743 Veronensi
1296 680 1456 745 etBene-

311 794 457 869 nentano,
485 789 607 854 collutis
631 790 708 854 olim
733 811 755 854 a
777 790 934 856 Marcella
948 790 1018 856 PP.
1043 796 1073 855 et
1097 791 1241 855 Antonio
1261 792 1457 874 Aupresiina

173 980 178 989 ι
312 900 469 999 Episcopo
492 906 567 965 lunc
593 900 761 982 Allifano:
789 904 934 983 quaein
959 900 1118 983 Opprioni
1142 903 1311 982 uolumine,
1340 922 1458 966 uranu

312 1012 523 1077 illustrissimi
545 1018 573 1077 et
596 1014 853 1077 reuerendissimi
876 1013 1056 1078 Toloealum
1075 1014 1312 1096 Aratispiscopi
1332 1013 1458 1080 Onon

313 1122 494 1189 Monctalli
509 1177 514 1187 .
531 1177 536 1188 .
551 1174 558 1188 .
571 1144 695 1189 summa
709 1124 889 1208 dilipenlio,
905 1144 1031 1190 sommo
1042 1125 1104 1207 fide
1114 1125 1281 1206 descripta,
1292 1130 1458 1207 perpetuo

312 1234 399 1299 notis
421 1236 494 1301 tnui
515 1237 604 1319 fuere
626 1236 678 1321 (of.
697 1234 766 1301 obs.
785 1234 921 1322 p.·144).
943 1236 994 1301 his
1018 1236 1122 1301 uerbis
1145 1236 1318 1302 cauendum
1340 1237 1391 1301 est
1409 1256 1459 1300 ne

312 1347 444 1413 conicias
474 1349 603 1414 alteram
632 1348 818 1415 Veronensis
846 1347 920 1413 libri
946 1349 979 1413 et
1004 1347 1214 1413 Beneuentani
1243 1347 1457 1414 collationem

312 1456 407 1523 luisse
435 1476 495 1541 que
519 1459 677 1543 Rigaltius
703 1460 859 1524 utebatur.
888 1459 955 1543 ipse
980 1459 1063 1523 enim
1088 1458 1121 1525 in
1136 1457 1304 1523 Acldeudis
1324 1478 1354 1541 p.
1378 1460 1460 1524 234

312 1570 461 1635 retractet
482 1572 604 1653 quaein
622 1569 899 1635 Obsematicuuus
918 1571 1080 1636 docuerat:
1103 1568 1208 1635 Paulo
1218 1576 1290 1652 post
1303 1570 1458 1635 amuda-

312 1685 379 1745 lom
393 1682 476 1763 lypis
492 1680 752 1763 obseruationem,
773 1682 850 1746 diem
862 1682 967 1747 seidia
980 1677 1049 1747 mea
1062 1683 1143 1764 forle
1156 1688 1325 1748 exanimem
1338 1684 1457 1749 curio-

312 1794 387 1872 sius,
408 1793 598 1875 deprehendi
617 1796 737 1877 saetam
751 1815 774 1857 a
790 1793 946 1859 Marcello
960 1794 1057 1877 Papa
1076 1795 1177 1859 trium
1192 1772 1332 1860 nauum
1354 1793 1457 1859 Vati-

312 1926 464 1970 ranarum
487 1904 691 1978 collationem,
717 1923 788 1971 cum
810 1904 913 1970 uoltus
934 1910 1010 1971 esset
1031 1926 1069 1971 ac
1090 1905 1245 1971 diceretur
1264 1906 1458 1972 Marcellus

314 2016 471 2082 eunoun
491 2016 698 2083 cardinalis:
723 2016 920 2082 collusionem
942 2037 1018 2082 uero
1042 2017 1233 2099 sescuplaris
1255 2016 1457 2082 Veronensis

250 2170 255 2179 ·
312 2148 334 2191 a
348 2127 468 2192 Latino
488 2127 638 2192 Lalinia:
663 2129 886 2194 Bmeuunm
905 2129 945 2193 ab
964 2130 1043 2194 Ani.
1065 2130 1256 2213 Aupnslina
1281 2133 1357 2194 tune
1377 2131 1454 2210 epi-

313 2258 401 2319 scopo
416 2238 576 2321 Allifano.
597 2239 721 2305 fallitur
735 2240 774 2305 de
788 2240 847 2306 heo
862 2240 996 2325 Rigaltii
1010 2240 1205 2323 supellectile
1220 2240 1329 2306 critice
1342 2241 1452 2306 Bulu-

313 2352 389 2427 zius
405 2370 477 2415 eum
488 2352 615 2416 eundern
626 2349 690 2416 lere
701 2352 795 2433 atque
807 2352 873 2433 ipse
883 2351 1019 2417 hebebit
1032 2352 1126 2416 illum
1136 2350 1282 2417 habuisse
1293 2352 1379 2417 dieat
1389 2354 1452 2433 (ed

315 2462 404 2545 epist.
417 2462 466 2539 10,
479 2482 504 2526 c.
515 2462 560 2545 4).
571 2481 645 2527 num
653 2460 875 2526 Vaticanomm
884 2462 971 2527 nulle
981 2463 1028 2527 est
1039 2463 1120 2543 apud
1130 2461 1306 2545 Rigaltium
1313 2464 1450 2528 mentio.
1478 2449 1486 2478 ⁴

314 2573 414 2656 magis
443 2574 538 2637 etiem
566 2572 698 2650 fallitur,
728 2590 800 2636 cum
823 2573 863 2636 ed
884 2573 974 2654 epist.
999 2573 1039 2637 13
1061 2572 1237 2657 Rignltium
1259 2573 1450 2656 quandoque

313 2686 430 2751 librum
439 2686 644 2751 Veronensem
655 2703 710 2767 pro
723 2683 857 2750 editione
866 2684 1048 2753 Manutieua
1058 2685 1186 2750 laudare
1200 2686 1357 2767 epineton
1369 2704 1452 2750 nam

315 2818 351 2861 en
366 2797 537 2862 conlatione
553 2796 614 2861 sibi
628 2795 667 2861 de
682 2796 845 2879 scripturis
860 2797 927 2861 eius
941 2814 1012 2861 cum
1024 2797 1207 2861 Manutiene
1222 2796 1450 2861 consentienti-

314 2907 373 2974 bus
394 2910 532 2973 constare
548 2910 613 2991 ipse
629 2908 752 2991 saepius
767 2910 925 2974 esseueret
939 2908 1027 2973 uelut
1041 2908 1075 2973 in
1089 2908 1208 2974 obeeru.
1225 2908 1265 2973 ed
1280 2908 1370 2990 epist.
1387 2908 1447 2971 52.

315 3019 386 3084 inde
401 3020 464 3084 iem
475 3019 638 3115 appurebit
650 3020 689 3085 ad
701 3020 776 3084 libri
790 3020 945 3102 deperditi
959 3022 1129 3102 scripturus
1145 3019 1336 3103 colligendus
1351 3038 1448 3101 prae-

315 3132 363 3195 ter
377 3129 581 3215 Gottingense
602 3131 760 3215 exemplar
778 3131 911 3216 Rigaltii
931 3135 1021 3197 notes
1042 3131 1172 3197 maximi
1194 3148 1261 3195 esse
1281 3132 1449 3231 mopnenti

314 3242 499 3339 praesertim
521 3260 593 3307 eum
607 3243 640 3307 in
654 3242 845 3325 proferendis
866 3243 1057 3309 testimoniis
1078 3260 1201 3307 summe
1221 3241 1284 3309 'fide
1299 3244 1448 3308 uersatus

315 3372 394 3435 quae
413 3354 517 3418 minus
538 3356 621 3419 certe
643 3354 703 3420 sibi
719 3356 900 3420 uiderentur
915 3357 1058 3420 accurate
1073 3354 1308 3439 significeuerit.
1331 3352 1371 3417 nd
1386 3353 1450 3419 hos
1473 3344 1481 3358 ‘

315 3465 415 3529 fontes
436 3465 555 3529 uendit
575 3465 670 3530 editio
684 3462 875 3531 Oxoniensis.
899 3465 1041 3549 episcopo
1062 3465 1145 3530 enim
1161 3464 1327 3529 &oniensi
1347 3462 1450 3526 colla

314 3576 412 3640 leones
432 3576 554 3657 aliquot
575 3576 714 3641 amicum
745 3575 980 3652 Vaticanorum,
1016 3574 1201 3640 Veronensis
1222 3574 1331 3639 itidem
1351 3578 1451 3654 alque

315 3688 537 3752 Beneuentani
563 3706 617 3752 nec
643 3705 707 3751 non
734 3686 831 3769 Repis
857 3684 996 3763 Galliac,
1011 3686 1129 3749 sudio
1157 3684 1346 3750 amicissimi
1374 3686 1450 3749 uiri

314 3799 435 3863 domini
465 3798 592 3863 Roberli
622 3798 725 3882 Ripbu
760 3798 897 3880 perlatae
930 3799 1054 3879 praesto
1087 3798 1220 3862 luerunt.
1262 3796 1449 3861 Veronensis

314 3911 483 3992 scripturas
503 3930 581 3993 quae
595 3911 628 3974 in
648 3910 705 3975 hoe
725 3909 876 3992 apparatu
897 3912 1062 3973 occurrunt
1083 3927 1208 3974 summe
1228 3908 1368 3973 cautione
1383 3907 1446 3972 ad-

219 4093 224 4107 ,
315 4022 413 4099 tribui,
434 4022 598 4087 nonnullas
621 4020 674 4087 ubi
697 4040 782 4087 error
802 4021 869 4085 erat
890 4020 1075 4086 manifestus
1096 4020 1197 4095 reieci,
1222 4019 1383 4102 conplures
1404 4023 1446 4085 ut

316 4133 500 4215 suspiciosas
515 4133 622 4198 addito
637 4138 701 4197 lesi.
720 4131 819 4197 Onon.
836 4132 942 4204 citaui.

218 4335 223 4343 ι
358 4246 404 4309 Er
419 4246 467 4311 his
489 4245 588 4329 igitur
612 4245 750 4311 fontibus
775 4263 851 4328 quos
874 4244 1023 4328 descripsi
1046 4244 1211 4329 diligenter
1235 4244 1371 4309 excussis
1393 4244 1446 4309 tot

316 4356 403 4440 potui
424 4358 537 4423 codicis
558 4356 739 4422 testimonis
760 4375 929 4438 proponere
943 4360 979 4421 ut
995 4355 1172 4437 deperditus
1193 4373 1287 4436 paene
1301 4358 1444 4436 repertus
