3025 4967
275 399 336 464 ’182
673 395 819 450 Caecilii
836 396 1001 464 Cypriani

273 571 340 618 nare
361 553 506 618 deberent
527 551 654 616 instruit
669 552 700 615 et
715 550 804 616 docet
817 550 937 616 diceus:
960 551 1051 617 data
1072 552 1131 615 est
1153 550 1250 614 mihi
1271 550 1396 614 omnis

273 657 448 738 potestas
463 655 502 718 in
517 655 625 719 caelo
645 655 682 718 et
702 654 742 718 in
757 656 872 718 terra.
895 654 951 718 ite
973 672 1079 738 ergo,
1102 653 1237 718 docete
1259 654 1396 736 gentes

275 777 404 823 omnes
438 757 666 842 tinguentes
697 773 759 822 sos
786 755 824 820 in
851 757 1001 822 nomine
1028 756 1156 838 patris
1183 758 1220 820 et
1247 753 1334 819 filii
1360 757 1397 819 et

273 860 440 943 spiritus
456 859 594 926 sancti.
616 859 753 924 insinuat
767 859 953 938 trinitatem,
974 861 1062 924 cuius
1076 859 1268 925 samamento
1289 857 1397 942 gentes

272 964 495 1049 tinguerentur.
515 962 666 1046 numquid
680 963 759 1028 banc
773 963 949 1029 trinitatem
962 963 1099 1028 Marcion
1113 965 1225 1029 teneti
1239 961 1418 1043 numquids

274 1067 405 1132 eundem
425 1066 541 1131 adserit
562 1084 652 1147 quem
669 1067 700 1130 et
714 1083 769 1130 nos
784 1067 885 1131 Deum
904 1068 1027 1148 patrem
1046 1067 1238 1132 creatorem?
1264 1064 1398 1130 eundem

273 1169 362 1236 nouit
381 1169 482 1234 filium
498 1167 655 1234 Christum
677 1169 715 1233 de
730 1168 853 1252 uirgine
866 1169 969 1234 Maria
987 1170 1106 1247 natum,
1133 1168 1187 1250 qni
1207 1183 1308 1232 sermo
1327 1185 1398 1231 caro

274 1273 374 1338 factus
394 1272 446 1349 sit,
468 1271 522 1353 qui
542 1275 668 1354 peccata
687 1273 794 1337 nostra
813 1273 994 1354 portauerit
1016 1271 1071 1354 qui
1090 1273 1224 1337 mortem
1236 1269 1397 1336 moriendo

274 1375 395 1457 intuerit,
411 1374 464 1456 qni
475 1374 728 1440 resurrectionem
742 1375 843 1440 carnis
858 1393 914 1456 per
927 1377 1026 1440 semet
1036 1375 1140 1457 ipsum
1153 1375 1274 1457 primus
1288 1372 1398 1437 initia·

273 1478 354 1543 uerit
369 1480 399 1542 et
414 1477 574 1559 discipulis
595 1478 659 1543 suis
679 1479 761 1559 quod
775 1478 809 1542 iu
825 1479 932 1544 eadam
952 1497 1042 1544 carne
1059 1478 1274 1543 resurrexisset
1288 1479 1434 1540 osten-10

274 1581 378 1646 derit?
393 1581 483 1663 longe
495 1581 557 1646 alia
570 1583 618 1646 est
629 1580 710 1662 apud
722 1581 910 1646 Marcionem
925 1581 980 1646 sed
992 1583 1023 1646 et
1034 1581 1117 1664 apud
1132 1581 1248 1645 ceteros
1262 1579 1397 1645 baereti-

274 1701 325 1748 cos
345 1681 429 1749 fides.
456 1683 553 1748 immo
573 1683 652 1748 nibil
673 1686 720 1749 est
740 1684 822 1766 apud
845 1683 917 1749 illos
936 1684 999 1750 nisi
1013 1683 1142 1767 pertidia
1155 1685 1188 1748 et
1202 1680 1398 1765 blasphemia

274 1788 306 1850 et
321 1785 478 1851 eontentio
499 1785 644 1852 sanitatis
658 1787 689 1850 et
704 1786 849 1851 ueritatis
868 1787 1006 1852 inimica.
1033 1786 1185 1869 quomodo
1206 1802 1279 1869 ergo
1294 1786 1398 1866 potest

274 1889 373 1954 uideri
399 1889 453 1970 qui
479 1889 562 1971 apud
590 1888 661 1954 illos
691 1889 870 1970 baptizatur
898 1891 1078 1956 consecutus
1106 1907 1172 1954 esse
1200 1889 1398 1970 peccatmum

274 1993 437 2058 remissam
459 1995 490 2058 et
505 1991 627 2057 diuinae
649 1992 861 2075 indulgentiae
883 1993 1019 2075 gretiam
1040 2011 1095 2074 per
1115 2009 1203 2057 suam
1226 1991 1319 2056 fidem
1341 1989 1434 2071 qrrirs

276 2096 373 2177 ipsius
394 2096 466 2161 fidei
487 2115 546 2162 non
567 2095 710 2160 habuerit
730 2095 919 2161 ueritatem?
945 2096 972 2160 si
993 2096 1086 2173 euim,
1109 2095 1189 2160 sicut
1211 2092 1397 2176 quibusdam

274 2198 407 2276 uidetur,
431 2199 598 2264 secundum
621 2198 714 2264 fidem
736 2217 825 2264 suam
845 2199 916 2280 quis
937 2198 1073 2280 accipere
1088 2198 1208 2280 aliquid
1222 2195 1298 2262 foris
1313 2199 1411 2264 extra.

275 2301 437 2366 ecelesiam
457 2301 569 2383 potuit,
593 2301 700 2383 utique
714 2301 748 2364 id
765 2302 884 2382 accepit
898 2301 979 2383 quod
994 2301 1132 2366 eredidit.
1161 2300 1277 2366 falsum
1292 2303 1400 2364 autem

276 2405 400 2469 credens
423 2423 530 2470 uerum
553 2405 690 2488 accipere
711 2422 772 2470 non
793 2405 906 2486 potuit,
929 2407 983 2470 seo
1004 2406 1107 2487 potius
1122 2405 1265 2470 adultera
1280 2407 1312 2469 et
1326 2421 1399 2487 pro·

276 2506 348 2572 fana
362 2509 529 2572 seeundum
544 2507 625 2589 quod
639 2507 781 2572 credebat
796 2508 922 2589 accepit.
1406 2531 1433 2571 ro

245 2622 265 2681 a
318 2608 419 2688 Quem
439 2611 540 2674 locum
555 2608 675 2691 profani
691 2611 722 2674 et
737 2610 870 2674 adulteri
886 2609 1034 2690 baptismi
1049 2609 1208 2676 subtiliter
1221 2609 1399 2674 Hieremias

275 2713 424 2794 propheta
446 2712 628 2796 perstringit
650 2712 769 2776 dicens:
799 2712 953 2793 utquid
981 2713 1044 2795 qui
1072 2714 1315 2778 contristant
1342 2731 1399 2776 me

376 2952 391 3005 1
410 2951 508 3005 Matth.
527 2953 569 3015 28,
589 2953 628 3005 18.
649 2953 689 3006 19.
759 2953 793 3006 22
810 2951 883 3004 Hier.
904 2951 944 3015 15,
964 2953 1005 3006 18.

329 3177 344 3229 1
357 3175 470 3231 debeant
482 3177 518 3239 B,
531 3175 656 3229 debemus
668 3175 701 3230 0¹
799 3175 929 3230 instruxit
943 3176 992 3237 Po,
1003 3173 1161 3228 instituite*
1250 3173 1342 3226 docuit
1352 3173 1401 3232 Co,

276 3262 371 3315 docens
384 3278 445 3329 exp.
462 3264 486 3316 Τ
595 3262 611 3314 2
624 3264 742 3329 potestas
754 3261 841 3314 omnis
853 3261 876 3316 0
886 3263 910 3314 is
922 3277 985 3315 exa
1095 3264 1123 3313 et
1133 3259 1226 3313 docete
1237 3259 1366 3314 BNPTo

277 3348 294 3401 3
307 3364 396 3401 omnes
409 3351 502 3416 gentes
515 3347 575 3402 CP¹
703 3347 879 3415 tinguentes]
892 3346 1060 3415 baptizantes
1074 3345 1142 3400 GNo
1260 3350 1319 3398 ‘eas
1331 3343 1366 3398 0²

279 3435 296 3487 5
307 3433 503 3502 tinguerentur]
516 3432 717 3501 baptizarentur
729 3432 768 3487 Gn
854 3433 871 3486 6
882 3431 982 3485 adseut
993 3447 1043 3485 cm.
1057 3430 1084 3484 B
1168 3429 1248 3482 deum
1259 3444 1311 3483 ona
1323 3429 1366 3482 Po

278 3547 305 3598 et
318 3545 428 3598 eundem
440 3543 474 3606 P,
486 3542 615 3612 numquid
627 3541 739 3596 eundem
752 3543 789 3597 Co
903 3543 919 3596 l
931 3541 1019 3611 nouit]
1029 3509 1101 3594 nbnfi
1113 3539 1137 3594 C
1247 3539 1334 3592 maria
1345 3537 1400 3591 uir·

278 3629 368 3698 gineo
436 3627 679 3697 natnm1e1itadd.
693 3629 896 3698 L¹,02¹p.m.2
970 3615 1134 3697 Bait]'est0
1200 3626 1399 3680 susurratio

183 3731 191 3748 ·
277 3731 337 3768 nem
350 3713 532 3770 errationeO
615 3730 662 3784 per
674 3715 803 3784 cupreo
886 3705 995 3783 priueC
1078 3713 1113 3766 10
1124 3715 1151 3766 et
1162 3729 1211 3766 om.
1228 3713 1254 3767 Τ
1331 3711 1399 3779 quod

277 3801 364 3854 orni]
449 3817 552 3854 earnem
565 3801 593 3854 P
683 3801 855 3854 resurrexisse
867 3801 900 3863 P,
913 3799 1166 3853 resurrectionemO
1256 3797 1290 3851 11
1303 3796 1398 3865 sedet]

279 3901 359 3954 quam
371 3887 460 3940 cased
478 3887 503 3942 Τ
576 3886 608 3940 12
620 3885 685 3940 fides
697 3901 747 3940 om.
761 3887 789 3942 L
890 3887 972 3939 immo
984 3903 1033 3940 ont
1047 3885 1075 3939 B
1183 3885 1216 3938 13
1227 3883 1396 3944 sanitatisT,

278 3972 411 4025 uanitatis
424 3973 458 4036 P,
472 3973 626 4027 sanctitatis
639 3975 683 4030 No
792 3972 917 4026 ueritatis
932 3973 959 4027 Τ
1063 3971 1097 4024 14
1108 3969 1199 4025 uidere
1211 3969 1245 4025 0¹
1344 3955 1397 4038 'qni

279 4059 381 4126 expo
475 4058 624 4128 baptizatos
637 4059 761 4114 Coena
859 4045 1047 4112 consecutust*
1143 4058 1176 4111 15
1187 4057 1299 4110 remissa
1310 4055 1365 4110 BP

279 4143 311 4197 17
325 4142 372 4210 qui
385 4142 412 4196 B
509 4145 543 4198 18
554 4145 657 4214 utique]
670 4145 761 4214 itaque
773 4145 797 4200 G
890 4144 989 4213 accipit
1001 4145 1035 4208 Β,
1048 4143 1165 4212 accipere
1176 4159 1230 4196 non
1241 4143 1331 4212 potuit
1343 4141 1366 4196 C

279 4245 326 4282 nec
338 4227 450 4282 credidit
462 4230 485 4284 0
625 4230 724 4284 falsum
739 4269 778 4285 ...
793 4231 882 4298 potuit
893 4247 943 4283 om.
957 4229 981 4284 G
1126 4228 1159 4282 19
1171 4227 1287 4282 adulteri
1298 4231 1325 4280 et
1337 4241 1393 4294 pro-

279 4315 337 4369 fani
350 4315 383 4369 θ’
486 4316 520 4369 20
532 4316 673 4370 credebant
686 4317 708 4370 0
810 4317 844 4370 21
856 4316 978 4370 ieremias
991 4317 1018 4370 P
