3025 4967
287 366 349 432 784
682 359 829 416 Caecilii
848 358 1010 429 Cypriani

286 521 388 586 terum
411 519 492 598 dara,
516 518 590 583 foris
611 517 715 582 autem
735 534 791 581 noc
811 515 906 600 ligari
925 515 1043 596 aliquid
1064 532 1153 598 posse
1170 533 1226 580 nec
1241 515 1331 593 solui,
1354 514 1411 578 ubi

286 644 346 689 non
362 623 405 688 sib
419 623 473 703 qui
488 624 542 686 aut
557 621 655 704 ligare
670 619 767 702 possit
781 621 837 684 aut
852 618 980 683 soluere.

257 734 275 795 8
328 726 393 790 Nec
412 726 479 802 hoc,
501 724 597 789 frater
617 723 783 800 carissime,
806 721 871 786 eine
893 721 1064 804 scripturae
1085 721 1210 785 diuinae
1224 721 1411 786 auctoritate

286 829 486 912 proponimus
501 829 537 892 ut
552 828 691 892 dicamus
713 826 796 890 certa
816 825 884 908 lege
899 843 935 890 ac
949 824 1071 906 propria
1084 824 1277 890 ordinatione
1292 823 1410 888 diuini·

285 932 336 997 tus
358 933 469 997 cuncta
490 947 555 996 esse
577 929 727 1011 disposita
747 947 802 994 nec
822 945 910 1009 posse
931 945 1116 1010 quemquam
1130 929 1237 992 eontra
1250 927 1433 1010 episoopoes

287 1037 318 1100 ot
343 1033 514 1100 sacerdotes
540 1050 686 1113 usurpare
713 1031 773 1096 sibi
800 1031 920 1112 aliquid
944 1029 1025 1112 quod
1051 1047 1111 1096 non
1136 1031 1180 1095 sit
1200 1031 1249 1096 sui
1277 1031 1356 1096 iuris
1378 1033 1412 1096 ct

285 1137 458 1220 potcstatis.
480 1155 552 1200 nem
573 1135 605 1200 et
626 1132 701 1198 (lore
721 1135 752 1197 et
768 1133 892 1198 Dathan
914 1135 946 1198 et
960 1132 1078 1198 Abiron
1099 1134 1206 1198 contra
1225 1133 1355 1217 Moysen
1377 1135 1411 1197 ot

286 1240 391 1305 Aaron
421 1238 608 1304 sacerdotem
638 1234 830 1301 sacrificandi
858 1235 1018 1300 licentiam
1043 1235 1105 1300 sibi
1129 1254 1277 1318 usurpare
1306 1237 1411 1300 conati

287 1343 369 1420 sunt,
389 1362 444 1407 neo
466 1343 570 1407 tamen
590 1341 672 1423 quod
692 1339 814 1405 inlicite
828 1340 897 1404 ausi
911 1340 985 1404 sunt
999 1339 1114 1421 inpune
1127 1339 1275 1406 iecerunt.
1302 1340 1335 1404 et
1349 1339 1411 1404 filii

285 1445 389 1512 Aaron
405 1445 458 1526 qui
473 1445 608 1510 alienum
624 1443 728 1527 ignem
743 1443 836 1508 altari
850 1442 1051 1525 inposuerunt
1065 1443 1099 1507 in
1112 1445 1276 1524 conspectu
1295 1445 1407 1508 statim
1417 1463 1443 1501 ro

286 1548 412 1614 Domini
438 1547 629 1630 indignantis
655 1546 785 1611 extincti
810 1546 892 1610 sunt.
920 1545 1001 1627 quod
1023 1545 1210 1628 supplicium
1230 1546 1338 1610 manet
1361 1563 1412 1610 eos

286 1649 339 1732 qui
362 1649 496 1714 alienam
517 1667 630 1730 aquam
653 1649 807 1730 baptismo
830 1647 967 1713 inierunt
988 1647 1076 1726 falso,
1098 1649 1135 1712 ut
1155 1648 1263 1714 diuina
1285 1667 1414 1714 censura

285 1753 454 1819 ulciscatur
469 1753 500 1817 et
515 1750 652 1815 uindicet
667 1751 701 1816 id
715 1751 886 1817 haereticos
907 1752 1014 1817 contra
1028 1750 1189 1817 ecclesiam
1204 1769 1312 1835 gerere
1327 1751 1412 1834 quod

286 1855 421 1922 nonnisi
436 1855 494 1920 soli
509 1855 602 1920 liceat
618 1854 773 1920 ecclesiae.

258 1960 277 2023 9
330 1958 420 2044 Quod
441 1959 545 2024 aulem
567 1957 695 2040 quidam
715 1957 824 2022 dieunt
845 1957 890 2023 eis
904 1957 959 2039 qui
972 1957 1006 2022 in
1021 1955 1161 2022 Samaria
1173 1957 1326 2040 baptizati
1343 1957 1446 2022 fus-s

290 2065 360 2127 rant
379 2061 615 2127 aduenientibus
636 2061 784 2142 apostolis
799 2060 892 2126 Petro
907 2062 940 2125 et
954 2060 1088 2126 Iohanne
1107 2061 1232 2124 tantum
1253 2079 1347 2142 snper
1361 2077 1413 2124 eos

289 2185 416 2232 manum
431 2165 599 2249 inpositam
614 2183 689 2241 esse,
704 2165 741 2230 ut
755 2164 926 2246 acciperent
940 2164 1088 2246 spiritum
1102 2165 1254 2246 sanctum,
1271 2163 1413 2247 rebapti-

288 2271 370 2334 zatos
386 2271 492 2335 temen
503 2286 553 2333 eos
565 2285 625 2332 non
640 2285 715 2345 esse,
731 2267 836 2332 locum
849 2267 958 2345 istum,
974 2266 1252 2345 mutuatissime,
1268 2267 1310 2331 ad
1321 2285 1412 2350 pras·

291 2375 409 2437 sentem
430 2389 553 2438 causam
574 2370 717 2436 uidemus
737 2370 862 2434 omnino
883 2389 944 2435 non
958 2370 1120 2453 pertinere.
1142 2370 1194 2434 illi
1208 2370 1292 2435 enim
1308 2370 1364 2452 qui
1379 2371 1412 2434 in

289 2474 430 2540 Samaria
455 2472 648 2538 crediderant
673 2472 733 2537 lide
759 2491 833 2538 uera
853 2471 1048 2538 crediderant
1067 2475 1099 2539 et
1119 2473 1204 2538 intus
1225 2473 1259 2538 in
1279 2474 1447 2539 ecclesias»

289 2596 366 2659 quae
381 2595 443 2641 une
458 2578 505 2642 est
520 2577 552 2640 et
564 2575 614 2641 oui
630 2576 688 2640 soli
703 2575 840 2659 gratiam
854 2575 1006 2658 baptismi
1021 2575 1093 2641 dare
1104 2578 1135 2641 et
1146 2579 1276 2659 peccata
1291 2576 1414 2642 soluere

287 2679 474 2761 permissum
490 2679 547 2757 est,
572 2697 591 2743 a
605 2677 750 2760 Philippo
766 2678 891 2742 macone
906 2697 999 2760 quem
1014 2679 1097 2743 idem
1112 2679 1244 2761 apostoli
1260 2679 1413 2744 miserant

288 2781 438 2864 baptizati
474 2783 570 2846 erant.
606 2783 637 2846 et
666 2781 781 2846 ideirco
811 2780 864 2863 qui
893 2781 1073 2865 legitimum
1101 2784 1133 2847 et
1163 2781 1416 2848 ecclesiasticum

289 2884 446 2966 baptisma
468 2884 622 2950 consecuti
646 2884 778 2963 fuerant,
804 2883 957 2967 baptizari
979 2901 1030 2948 eos
1052 2883 1136 2949 ultra
1157 2904 1219 2950 non
1240 2886 1414 2967 oportebat,

289 2987 342 3053 aed
363 2987 578 3053 tantummodo
599 2987 680 3068 quod
701 2987 806 3052 deerat
821 2985 854 3050 id
870 3006 888 3052 a
903 2986 997 3051 Petro
1012 2989 1044 3052 et
1058 2985 1193 3052 Iohanne
1212 2985 1333 3052 iactum
1352 2991 1412 3065 est,
1423 3011 1449 3050 a

345 3244 360 3294 1
372 3242 429 3311 nec]
443 3257 475 3295 ne
487 3241 514 3295 L
636 3241 723 3310 ligare
736 3241 765 3295 Β
890 3240 966 3309 asic]
978 3242 1064 3310 possit
1075 3241 1132 3296 ΒΤ
1249 3241 1310 3310 qnia
1322 3245 1373 3296 ant
1386 3243 1418 3301 Τ,
1510 3248 1511 3253 ’

290 3327 396 3397 quiunt
408 3328 435 3381 L
580 3327 767 3396 possit1mm
783 3326 813 3390 Τ,
827 3327 913 3395 possit
924 3327 1055 3395 aliquido
1198 3328 1329 3382 soluerInt
1340 3328 1378 3382 0¹

288 3411 552 3467 3oarissimeom.0
680 3411 1078 3467 ierdinalionecxrationeP
1207 3413 1419 3482 bdispositaex

289 3499 445 3568 disponsata
457 3498 485 3551 L
612 3513 775 3567 quamquam
787 3498 815 3552 B
940 3498 1044 3565 contra]
1056 3500 1150 3553 contra
1162 3499 1301 3553 ecclesiam
1313 3504 1341 3554 et
1354 3501 1384 3554 Β

289 3585 395 3639 ichore
408 3584 479 3648 cro,
493 3583 587 3638 choreb
599 3584 627 3638 Β
721 3583 806 3638 dutha
819 3583 845 3636 Τ
936 3599 1028 3637 mosen
1040 3585 1107 3639 NT·
1204 3587 1298 3640 8aron
1311 3587 1379 3641 Lm

290 3670 344 3724 sibi
365 3669 502 3724 licentiam
514 3669 579 3725 GYo
733 3668 872 3737 usurpare]
893 3668 1030 3723 uindicare
1042 3670 1065 3725 O
1216 3671 1274 3726 9et
1290 3688 1341 3727 ora
1359 3673 1386 3726 Τ

290 3758 323 3810 11
347 3755 496 3823 indignatis
519 3754 591 3808 P¹T
595 3760 614 3819 ¹,
637 3755 775 3824 indignati
800 3756 862 3807 snut
886 3753 910 3809 0
1065 3756 1186 3827 extincti]
1209 3759 1330 3826 percussi
1353 3759 1384 3812 B

290 3841 324 3895 14
334 3841 424 3894 luceat
435 3840 475 3894 L¹
616 3839 754 3894 15eieunt
766 3825 918 3908 quidinde
931 3840 970 3896 Co
1099 3841 1384 3898 inerunthncorr.

290 3928 323 3982 17
336 3928 486 3996 baptizatos
501 3929 527 3984 T
637 3929 669 3982 18
681 3931 772 3981 tamen
784 3943 834 3982 ora
850 3928 876 3982 T
982 3944 1026 3982 eos
1039 3943 1119 3984 onae
1225 3929 1324 3984 batres
1339 3931 1377 3983 Τ·

290 4013 425 4067 canesime
438 4029 488 4067 om.
505 4013 527 4068 G
633 4013 667 4067 19
679 4013 738 4068 iilic
749 4013 778 4067 P
879 4013 927 4082 qui
939 4029 989 4068 oea
1002 4013 1030 4068 Β
1136 4015 1171 4069 20
1181 4016 1325 4070 mmmmm
1339 4016 1378 4070 ’.ΡΙ

291 4097 459 4154 crediderunt
471 4099 499 4152 P
609 4097 660 4153 fide
672 4115 697 4153 u.
711 4097 880 4153 crediderunt
891 4114 941 4154 oea
955 4098 1022 4154 0¹13
1067 4149 1070 4154 .
1130 4100 1341 4170 etintus1intus
1357 4102 1385 4156 'P

291 4184 325 4238 21
337 4183 471 4253 baptismo
482 4183 522 4238 P¹
655 4184 1069 4249 22misserant0,miseruntB
1197 4187 1415 4258 fflemtJenim

292 4271 369 4323 erunt
379 4269 407 4322 P
510 4257 641 4339 quia]q1'r'r
659 4269 682 4326 O
782 4270 818 4325 24
828 4269 995 4340 baptismum
1006 4271 1044 4327 Oc
1147 4275 1252 4340 oportet
1267 4271 1292 4324 Τ
