3025 4967
347 429 461 477 XXXVI

346 566 466 631 textam
488 562 584 629 fnisse
604 562 777 641 ostendant,
800 580 894 644 quam
914 580 986 627 cum
1005 580 1062 646 pro
1081 580 1137 627 suo
1157 564 1251 645 captu
1267 561 1497 626 discernerent

347 677 399 742 nol
413 675 689 758 interpretarentur
702 672 835 752 librarii,
850 673 942 738 modo
956 672 990 738 in
1003 673 1061 739 hoo
1075 673 1168 739 modo
1182 673 1216 737 in
1229 672 1286 737 illo
1304 672 1494 737 nasceban-

347 789 400 853 tur
421 804 546 865 errores,
567 785 621 868 qui
643 786 749 851 tarum
770 784 900 870 originis
921 785 1169 851 communionem
1183 784 1350 850 testantur.
1373 782 1495 866 speci·

349 898 443 964 minis
459 898 526 964 loco
540 916 619 981 pono
633 897 723 962 haec:

537 1008 617 1062 Arch.
1004 1005 1028 1071 Q
1327 1004 1356 1059 ll

347 1124 480 1190 aleam
500 1100 748 1175 maranno
841 1101 1181 1188 promtuarium
1217 1098 1403 1186 ρῖόῖοιῆ

500 1215 543 1283 (ef.
554 1217 642 1281 6262)

212 1301 218 1314 ’
345 1313 478 1379 poenae
498 1285 557 1365 ὑῒ)
845 1306 979 1362 mm
1219 1304 1344 1359 6666666

345 1420 370 1473 p.
385 1409 476 1470 meaa
498 1390 587 1469 don
599 1402 704 1470 eoam)
845 1402 935 1455 mea
1218 1414 1274 1453 aon

345 1516 369 1568 p.
384 1503 460 1566 oeae
498 1482 607 1556 uffa
845 1494 1180 1564 pomposam)
1217 1493 1361 1563 66666666

345 1608 370 1662 p.
384 1598 460 1659 bana
498 1573 555 1648 FB
840 1589 1032 1659 presbyteram
1213 1589 1303 1659 presb.

347 1702 372 1755 p.
385 1692 479 1753 seara
504 1661 621 1742 Villa!
686 1700 690 1723 ·
844 1689 968 1739 omma·
1101 1683 1104 1689 ’
1217 1689 1375 1738 marom

347 1796 371 1851 p.
384 1786 477 1847 690,11
498 1780 534 1836 F.
552 1780 591 1836 K.
844 1778 948 1845 scotres
964 1776 1101 1833 torioeiras‘
1217 1776 1308 1844 frater
1318 1776 1474 1832 manime

346 1911 372 1964 p.
385 1897 460 1961 6266
497 1880 585 1949 risle
605 1891 724 1963 (uirgam
744 1906 807 1946 ena
844 1890 884 1945 aa
901 1895 928 1945 u
1217 1896 1263 1945 aee

499 1989 605 2055 nuerat)

243 2116 247 2137 2
346 2098 370 2153 p.
384 2087 459 2150 62⁷st
499 2061 556 2137 ffi
563 2082 645 2152 (linea
653 2084 808 2135 transuersa
845 2077 918 2131 caios
1218 2080 1301 2134 ciam

499 2178 608 2231 litterae
619 2176 645 2229 Τ
651 2174 807 2242 euanuerat)

344 2268 783 2357 p.aea,1eoroororrono
845 2282 900 2335 quo
917 2266 1049 2336 eooeou
1219 2265 1351 2337 pomae

344 2368 460 2435 aaran
498 2362 771 2420 noarsraona
844 2361 958 2421 recusa
974 2362 1043 2417 eoo
1219 2358 1450 2416 massata.

391 2468 584 2534 Monacensis
599 2468 692 2534 codor
702 2467 740 2532 ab
755 2466 911 2533 inerudito
926 2467 1054 2533 librario
1068 2467 1214 2533 mendose
1224 2466 1358 2549 scriptus
1369 2465 1490 2531 arche-

347 2580 415 2665 typi
441 2580 587 2646 lectiones
611 2579 700 2644 nulla
725 2579 792 2644 arto
819 2579 1013 2645 oblitteratas
1039 2578 1226 2662 simpliciter
1251 2580 1363 2671 seruat.
1395 2597 1490 2660 quae

347 2692 533 2775 simplicitas
544 2692 661 2773 quanta
672 2691 714 2756 sit
725 2691 798 2756 inde
808 2691 1003 2776 perspicitur,
1019 2690 1101 2773 quod
1115 2689 1319 2772 epistularum
1330 2707 1491 2755 numeros

346 2804 379 2869 in
394 2803 558 2887 archetypo
580 2801 711 2886 singulis
733 2802 858 2886 scriptis
878 2803 1026 2884 adpictos,
1043 2802 1188 2885 quamuis
1202 2819 1314 2868 nonem
1330 2799 1490 2881 epistulis

348 2915 474 2980 'll-36
489 2914 614 2980 amissis
629 2914 694 2979 iam
707 2930 770 2978 non
784 2914 817 2978 in
828 2913 963 2997 reliquas
978 2913 1174 2997 quadrarent,
1189 2930 1251 2978 non
1265 2910 1412 2990 tentauit,
1427 2910 1490 2978 ita

345 3028 383 3091 ut
408 3025 543 3109 epistula
569 3025 609 3090 12
629 3023 683 3090 fol.
705 3024 783 3089 220·
796 3044 962 3090 numerum
975 3021 1049 3103 LV,
1076 3023 1210 3107 epistula
1231 3022 1272 3089 75
1298 3040 1377 3105 quae
1402 3040 1491 3103 pro-

345 3136 429 3201 xima
448 3136 588 3219 sequitur
607 3154 772 3201 numerum
792 3133 900 3199 LXV
911 3153 984 3218 prae
1004 3154 1037 3201 se
1058 3134 1147 3201 ferat.
1170 3133 1254 3200 solus
1276 3151 1405 3216 operum
1425 3133 1491 3199 iu·

347 3248 447 3315 dicem
471 3248 572 3331 qualis
592 3248 625 3313 in
640 3246 807 3332 archetype
828 3246 969 3313 exstabat
991 3246 1118 3328 recepit,
1142 3263 1201 3329 quo
1223 3263 1285 3310 non
1309 3246 1385 3327 quot
1409 3244 1494 3326 ipse

347 3346 511 3439 contineat,
533 3360 587 3425 sed
606 3360 682 3442 quot
700 3359 755 3425 ille
776 3359 965 3425 continuerit
984 3359 1157 3424 doceamur.
1180 3358 1309 3423 initium
1328 3355 1405 3420 libri
1420 3356 1491 3423 Aa

346 3468 521 3550 Donatum,
537 3488 627 3553 aquo
641 3470 735 3536 codex
748 3470 869 3552 incipit,
884 3470 1002 3553 duplici
1017 3468 1193 3555 apographo
1208 3468 1380 3546 exhibetur,
1397 3485 1490 3549 quo-

347 3599 419 3647 rum
433 3582 519 3665 prius
529 3582 563 3647 in
573 3581 668 3647 uerba
681 3582 819 3648 secondo
832 3581 999 3663 separauit
1009 3581 1065 3667 (=
1076 3602 1108 3666 p.
1121 3579 1188 3668 6,6)
1201 3580 1325 3646 desinit.
1343 3580 1492 3646 Trecen-

265 3692 296 3775 Q
349 3691 392 3759 sis
415 3691 530 3758 maiore
556 3710 630 3758 cura
652 3694 795 3759 exaratus
816 3711 915 3776 neque
936 3692 1071 3759 indicem
1093 3693 1210 3777 recepit
1231 3693 1264 3758 et
1278 3689 1491 3777 grauioribus

347 3802 439 3869 bodie
458 3803 578 3869 lacunis
597 3804 675 3871 hiat.
696 3825 770 3871 nam
791 3805 875 3871 foliis
896 3804 1054 3871 nonnullis
1074 3803 1206 3888 perditis
1221 3804 1360 3871 extrem
1373 3800 1492 3867 libelli

347 3912 398 3980 De
413 3913 506 3980 laude
520 3916 670 3997 martyrii
684 3935 757 3999 pars
771 3916 844 3981 inde
855 3916 987 3981 auerbis
1001 3916 1129 3981 mro
1141 3913 1198 4004 (ε
1210 3914 1350 3998 Append
1362 3911 1491 3999 5130)

347 4027 380 4090 et
394 4025 522 4091 initium
541 4027 698 4110 proximae
718 4027 871 4110 epistulae
891 4028 935 4094 60
953 4046 1052 4121 usque
1071 4026 1112 4092 ad
1132 4026 1228 4093 uerba
1247 4030 1276 4090 et
1290 4025 1358 4107 ipso
1371 4022 1492 4091 dolore

348 4134 402 4221 (z
417 4156 446 4219 p.
462 4137 593 4223 693,14)
608 4138 847 4219 interciderunt3
867 4138 979 4205 deinde
993 4138 1129 4223 epistula
1145 4139 1187 4205 10
1200 4137 1317 4204 desinit
1331 4136 1365 4201 in
1378 4136 1491 4203 uerba

347 4232 407 4315 aas
416 4249 605 4332 praecone
621 4247 677 4334 (=
691 4262 721 4333 p.
737 4250 858 4331 6266),
873 4251 1049 4335 pennum
1064 4249 1177 4315 fenum
1191 4248 1316 4315 omnen
1331 4244 1490 4329 epistulis

346 4362 398 4429 26.
421 4361 472 4427 26.
495 4360 524 4425 6.
548 4359 599 4425 26.
622 4359 674 4426 66.
697 4360 726 4425 r.
748 4360 790 4427 aa
815 4361 927 4444 nespas
947 4381 966 4427 a
986 4360 1119 4447 eamus
1142 4360 1274 4441 latras,
1300 4374 1379 4441 quae
1403 4359 1492 4423 eune
