3025 4967
299 412 363 477 '130
693 407 840 464 Caecilii
858 408 1022 477 Cypriani

297 566 360 646 qui
392 585 448 630 me
481 565 602 630 misit.
636 566 676 628 et
696 565 762 645 qui
791 564 908 628 reicit
936 580 1020 641 uos,
1051 583 1107 627 me
1135 564 1257 628 reicit
1279 566 1316 627 et
1337 582 1423 627 enm

297 670 362 751 qui
384 689 441 734 me
462 670 580 733 misit.

271 778 289 840 ὅ
343 772 433 837 Vnde
455 774 538 837 enim
560 772 728 836 schismata
748 772 781 833 et
802 771 943 835 haereses
965 770 1090 834 obortae
1112 770 1186 833 sunt
1207 770 1240 832 et
1258 770 1425 833 oriuntur?

298 874 374 939 dum
398 876 556 957 episcopus
571 875 625 955 qui
639 891 720 937 nnus
734 876 783 937 est
797 874 829 936 et
843 872 989 937 eeclesiae
1002 874 1125 953 praeest
1139 872 1271 953 superba
1286 888 1424 953 quorun-

297 979 369 1042 dam
388 978 637 1061 praesumptione
658 976 868 1039 contemnitur
882 977 914 1040 et
928 975 1020 1039 homo
1042 974 1222 1059 dignatione
1237 974 1295 1038 Dei
1317 974 1415 1037 hono-
1438 1000 1450 1035 s

299 1083 386 1145 ratus
401 1080 548 1163 indignus
562 1078 739 1144 hominibus
754 1078 918 1142 iudicatur.
934 1079 1005 1159 quis
1019 1078 1104 1141 enirn
1116 1076 1168 1141 hic
1188 1078 1237 1141 est
1257 1076 1422 1157 superbiae

298 1188 412 1259 tumor,
439 1202 517 1265 quae
531 1183 713 1266 adrogantia
726 1182 833 1257 animi,
849 1200 927 1263 quae
942 1181 1057 1245 mentis
1072 1179 1200 1257 inflatio,
1217 1180 1257 1244 ad
1272 1180 1427 1262 cognitio-

296 1308 368 1353 nem
382 1306 470 1351 suam
483 1287 672 1368 praepositos
683 1286 716 1349 ot
725 1283 898 1348 sacerdotes
913 1302 1023 1348 uocare
1037 1303 1073 1348 ac
1084 1284 1145 1347 nisi
1160 1284 1241 1365 apud
1253 1285 1285 1346 te
1297 1282 1426 1366 purgati

295 1390 446 1455 fuerimus
460 1392 492 1452 et
506 1390 660 1453 sententia
672 1390 729 1452 tua
742 1387 886 1465 absoluti,
908 1406 977 1451 eece
992 1386 1056 1451 iam
1072 1406 1123 1452 een
1138 1388 1227 1452 annis
1240 1406 1297 1452 nec
1311 1388 1425 1451 irater·

296 1495 379 1559 nitas
394 1492 537 1556 habuerit
551 1492 728 1573 episcopum
741 1508 798 1553 nec
812 1490 900 1571 plebs
915 1490 1123 1571 praepositum
1148 1508 1204 1553 nec
1223 1508 1296 1573 grex
1316 1490 1424 1570 pasto-
1436 1514 1463 1552 ro

297 1617 364 1662 rem
378 1616 434 1661 nec
448 1594 578 1660 ecelesia
592 1594 829 1679 gubernatorem
843 1612 899 1657 noc
914 1592 1058 1657 Christus
1072 1593 1250 1657 antistitem
1264 1610 1320 1657 nce
1335 1592 1423 1656 Dens

299 1697 499 1765 sacerdotem.
515 1696 680 1761 subuouiat
693 1696 873 1777 Puppienus
895 1696 927 1759 et
947 1696 1136 1760 sententiam
1155 1695 1249 1773 dierat,
1269 1693 1426 1760 iudicium

296 1802 355 1868 Dei
371 1806 404 1866 et
418 1800 535 1865 Christi
549 1799 582 1863 in
596 1802 757 1881 acceptum
772 1798 896 1877 referat,
916 1818 955 1865 ne
975 1801 1084 1863 tantus
1106 1798 1248 1863 fidelium
1272 1816 1424 1865 numerus

297 1907 352 1988 qui
366 1904 424 1969 sub
438 1904 527 1969 nobie
542 1904 709 1967 arcessitus
723 1906 772 1967 est
787 1903 853 1967 sine
868 1922 922 1985 spo
937 1903 1050 1968 salutis
1062 1905 1095 1968 et
1106 1904 1192 1985 pacis
1203 1902 1302 1967 exisse
1312 1902 1425 1966 uidea-

298 2010 361 2091 tur,
391 2027 430 2073 ne
451 2024 551 2071 noune
572 2006 763 2071 credentium
786 2007 919 2087 populus
941 2007 1062 2072 nullam
1084 2025 1138 2088 per
1160 2025 1215 2071 uos
1237 2007 1423 2071 consecutus
1434 2030 1460 2069 ιε

299 2130 365 2176 esse
378 2110 528 2193 baptismi
544 2111 576 2173 ot
590 2110 719 2191 spiritns
733 2108 833 2173 mucii
854 2109 989 2191 gratiam
1010 2110 1174 2192 iudicetur,
1197 2128 1236 2173 ue
1255 2110 1304 2172 tot
1324 2108 1425 2189 lapsis

296 2215 329 2279 et
341 2211 570 2296 paenitentibus
592 2230 651 2292 pan
669 2211 744 2275 data
759 2212 791 2275 et
812 2211 1050 2277 communicatio
1071 2213 1176 2276 nostra
1196 2212 1424 2276 examinatione

296 2334 439 2382 concessa
458 2314 567 2380 iudicii
588 2314 636 2379 tui
654 2315 841 2379 auctoritate
861 2315 1011 2378 soluatur.
1028 2314 1128 2379 adnue
1143 2314 1307 2396 aliquando
1322 2314 1354 2377 ot
1371 2312 1422 2375 di-

298 2436 392 2503 gnare
411 2417 609 2500 pronuntiare
629 2416 668 2480 de
686 2417 776 2481 nobis
797 2418 828 2480 et
842 2418 1055 2498 episcopatum
1077 2419 1219 2481 nostrum
1234 2416 1422 2500 cognitionis

297 2525 371 2585 tuae
385 2521 493 2604 uigore
507 2518 639 2596 firmare,
661 2521 698 2582 ut
711 2520 796 2584 Deus
811 2519 843 2583 et
858 2520 1000 2585 Christus
1020 2520 1087 2583 eius
1108 2537 1198 2603 agore
1218 2519 1279 2583 tibi
1299 2518 1421 2602 gratias
1436 2542 1464 2583 a·

299 2624 421 2706 possint
435 2622 518 2704 quod
532 2641 587 2704 por
601 2624 633 2686 te
648 2622 692 2686 sit
706 2622 837 2687 antistes
853 2624 885 2688 ot
899 2625 1001 2688 rector
1017 2623 1109 2687 altari
1126 2640 1233 2687 eorum
1247 2623 1366 2706 puriter
1393 2624 1426 2687 et

300 2726 385 2808 plebi
399 2725 575 2790 restitutus.

267 2838 288 2900 ο
341 2828 424 2911 Apes
454 2826 570 2892 habent
604 2845 709 2911 regem
738 2829 771 2892 et
800 2827 911 2891 ducem
939 2827 1070 2909 pecudes
1100 2828 1132 2892 et
1157 2826 1251 2891 fidem
1281 2832 1425 2893 seruant:

301 2932 436 2996 latrones
450 2928 586 3012 mancipi
601 2930 746 3012 obsequio
761 2931 851 3012 pleno
862 2930 1053 2996 humilitatis
1065 2930 1290 3013 obtemperant
1307 2933 1426 3014 quanto

351 3152 470 3205 lreiecit
482 3167 529 3205 uos
541 3166 583 3203 mc
594 3150 689 3203 reiecit
703 3151 729 3204 T
869 3152 940 3221 cnm]
954 3152 1000 3220 qni
1012 3168 1055 3205 me
1067 3152 1148 3205 reicit
1162 3152 1242 3205 reicit
1253 3151 1361 3205 eumH

297 3236 389 3290 3inde
400 3236 517 3290 BHToo
627 3235 746 3289 haeresis
757 3235 847 3289 BLN
954 3236 1057 3307 4dnm]
1070 3238 1125 3290 nini
1137 3236 1228 3291 dumo
1339 3240 1425 3289 estet

296 3338 347 3376 oric
362 3323 388 3376 T
478 3320 612 3391 eeclesiae]
626 3321 774 3375 catholicae
785 3321 850 3375 edd.
866 3322 893 3376 L
984 3322 1200 3393 bindignatione
1212 3323 1256 3376 11ι
1341 3322 1424 3376 hono-

295 3407 413 3461 raturL
526 3406 736 3461 bindicaturH
835 3408 1039 3477 quio‚qnaeB
1142 3408 1427 3471 esthiecmmfflest

296 3494 368 3547 cuim
379 3492 445 3546 haec
455 3492 484 3546 Β
610 3491 735 3561 superbia
746 3495 795 3547 aut
806 3492 833 3547 Β
958 3493 1092 3548 'tanimac
1108 3496 1133 3550 T
1256 3494 1322 3563 aet]
1335 3492 1424 3547 factor

296 3580 368 3634 etH
457 3594 488 3632 ac
500 3578 564 3649 nisi]
577 3580 642 3648 agni
654 3598 660 3631 :
674 3580 698 3632 si
713 3580 739 3633 T
832 3580 929 3649 9eoce]
943 3583 1008 3633 etto
1021 3581 1083 3645 BL,
1097 3582 1125 3633 ct
1137 3581 1180 3634 Po
1276 3580 1311 3632 10
1322 3579 1423 3648 episeo-

296 3667 389 3734 patum
401 3666 429 3719 L
515 3647 946 3733 11011151ω]ερ’ἷΤ,εῇἶεοῗΒ
1032 3668 1065 3720 12
1078 3666 1211 3735 pupienus
1223 3682 1256 3719 oo
1341 3664 1425 3733 dicat]

295 3752 369 3805 dicet
380 3754 408 3805 et
420 3751 482 3805 ΒΗ
482 3752 537 3806 Του
649 3750 682 3803 13
695 3752 737 3820 ne]
749 3766 797 3803 uec
809 3750 871 3804 ΒΗ
975 3754 1082 3806 tantm
1095 3754 1122 3806 Β
1235 3751 1268 3805 14
1280 3751 1426 3805 accersitus

297 3840 340 3891 cet
351 3838 402 3901 Βο,
415 3838 527 3891 accessit
538 3836 573 3890 H
651 3837 684 3890 15
696 3836 739 3905 ne]
752 3852 829 3892 neco
910 3838 943 3892 16
955 3842 1026 3893 esset
1037 3839 1119 3903 ΕΝ,
1134 3841 1174 3892 est
1186 3838 1214 3892 L
1293 3835 1426 3890 iudicetur

295 3924 413 3992 gratiam
425 3922 555 3992 baptismi
567 3924 595 3975 et
607 3905 730 3991 ep‘E‘ec'ii
822 3923 864 3992 nc]
879 3939 926 3976 nec
939 3923 967 3977 Β
1062 3924 1094 3977 17
1107 3923 1310 3977 communicatio
1321 3920 1426 3990 nostra]

296 4009 355 4077 lege
367 4009 613 4062 communicationis
625 4008 727 4061 tradita
741 4008 776 4062 H
886 4008 920 4062 18
933 4008 1071 4063 soluantnr
1082 4009 1111 4063 Β
1223 4006 1377 4076 aliqunmdo
1393 4008 1425 4070 T,

297 4094 437 4161 aliquanto
450 4095 477 4148 Β
580 4095 613 4148 19
625 4093 798 4163 pronuntiare
810 4108 859 4147 om.
874 4095 902 4148 Β
1004 4094 1039 4148 20
1050 4098 1113 4147 tuac
1126 4110 1176 4148 oon.
1192 4096 1218 4149 T
1319 4092 1425 4161 uigore]

298 4180 400 4233 uictore
412 4180 475 4241 BP,
493 4179 591 4234 iudicio
604 4178 643 4243 H,
655 4179 816 4233 auctoritate
828 4194 861 4233 oo
999 4180 1114 4234 formare
1126 4180 1190 4244 NP,
1203 4178 1346 4233 reformare
1359 4176 1394 4230 H

295 4248 519 4334 immersere
617 4265 651 4320 21
663 4264 702 4317 eit
712 4278 792 4318 ωηο
891 4264 1024 4319 annone
1121 4264 1391 4318 mresetumeco

294 4352 330 4405 23
340 4350 445 4417 ducem]
464 4351 608 4405 indicemo
744 4348 856 4418 peoudoe
871 4366 922 4404 om.
938 4351 980 4405 Po
1119 4351 1157 4420 et]
1170 4350 1271 4415 ateio,
1284 4349 1362 4403 ateis
1375 4364 1391 4402 e

295 4437 330 4489 24
341 4435 473 4504 mancipio
485 4436 523 4498 Η,
540 4438 621 4504 atquc
635 4436 769 4505 mancipia
783 4436 820 4489 Ρ
925 4436 1002 4505 pleno
1014 4436 1140 4505 obsequio
1153 4436 1188 4489 H
