3025 4967
429 345 605 414 Epistulae
622 345 773 401 LXXIII.
791 362 811 400 c.
831 347 921 402 7-10.
1168 351 1230 416 785

112 505 153 568 ut
177 503 312 568 oratioue
335 520 390 584 pro
414 502 457 566 eis
479 502 586 567 habita
606 503 638 567 et
656 522 749 569 mauu
773 503 907 586 inposita
928 504 1122 570 innovaretur
1136 507 1168 570 et
1182 504 1230 569 iu·

120 605 301 672 funderetur
322 624 412 688 super
432 623 482 670 cos
503 606 629 689 spiritns
649 607 782 672 sauctus.
796 608 887 691 'quod
907 627 987 673 nuuc
1008 627 1127 690 quoque
1149 608 1230 691 apud

113 727 170 774 nos
192 709 318 794 geritur,
340 709 376 772 ut
395 709 449 790 qui
470 707 502 773 iu
524 709 650 774 ecclesia
670 709 865 792 baptizantur
883 712 1067 794 praepositis
1087 710 1232 776 ecclesiae

114 813 284 878 offerantur
313 813 344 876 et
372 831 426 894 por
454 811 591 876 nostram
620 813 788 877 orationem
816 833 851 878 ac
875 832 985 878 manus
1013 814 1230 896 inpositionem

87 917 262 1000 sspiritum
297 918 439 982 sanctum
473 916 697 999 cousequantur
726 917 757 982 et
786 917 945 1001 signaculo
977 917 1129 982 dominico
1159 934 1231 982 con-

112 1019 317 1084 summantur.

156 1122 226 1186 Nou
241 1122 379 1204 astorgo,
391 1119 663 1199 taurensem,
679 1122 760 1204 quod
770 1121 932 1186 haereticis
943 1123 1111 1188 cedendum
1123 1122 1229 1188 eristi-
1243 1115 1281 1176 ¹0

112 1243 234 1290 memus
250 1224 281 1288 ot
298 1223 451 1304 baptisma
472 1223 552 1304 quod
566 1240 625 1287 non
639 1223 769 1288 risioni
784 1230 814 1288 et
829 1223 886 1288 soli
902 1224 1048 1291 ccclesiae
1062 1225 1172 1290 datum
1186 1225 1230 1289 sit

114 1329 304 1413 prodendum
320 1326 474 1408 putemus.
498 1325 568 1389 boni
584 1325 695 1390 militis
711 1328 757 1390 ost
772 1326 921 1392 aduersus
935 1327 1066 1392 rebelles
1081 1328 1111 1392 et
1126 1327 1229 1390 hostes

75 1432 313 1516 wimperatoris
339 1430 387 1494 sui
414 1429 514 1494 castra
540 1427 710 1493 defendero.
736 1428 865 1512 gloriosi
889 1430 976 1495 ducis
998 1432 1046 1496 ost
1066 1429 1231 1496 commissa

113 1539 177 1604 sibi
192 1536 281 1620 sigua
296 1552 425 1600 seruare.
443 1531 669 1614 scriptumest:
691 1532 876 1597 Dominus
897 1534 997 1598 Deus
1019 1535 1109 1598 tuus
1130 1534 1229 1599 Deus

111 1641 242 1708 zelans
271 1640 338 1704 est.
368 1636 421 1718 qui
450 1634 595 1717 spiritum
618 1633 676 1698 Dei
698 1636 870 1718 accepimus
891 1637 991 1701 zelum
1013 1637 1136 1702 diuinae
1157 1633 1229 1700 fidei

110 1746 223 1812 habore
249 1741 402 1815 debemus,
429 1754 487 1820 quo
513 1738 577 1801 uelo
597 1735 705 1804 Finees
725 1738 843 1820 placuit
868 1739 899 1803 et
918 1739 1019 1803 Deum
1043 1740 1229 1821 promeritus

113 1845 304 1931 indignantis
319 1843 397 1907 iram
412 1840 524 1923 populo
538 1841 684 1923 pereunte
697 1841 818 1907 leniuit.
834 1843 909 1924 quid
924 1842 1064 1908 adultam
1079 1843 1228 1908 stabiano

74 1957 147 2024 not
162 1951 283 2016 diuinae
305 1946 436 2012 imitatis
455 1936 582 2010 inimica
596 1945 628 2009 in
643 1945 803 2026 accepim
822 1945 992 2023 referimus,
1013 1945 1067 2027 qui
1087 1962 1149 2010 nou
1167 1945 1228 2009 uisi

117 2074 215 2120 unum
230 2051 388 2118 Christum
402 2050 433 2113 et
448 2067 540 2112 uuam
556 2048 622 2112 cius
637 2047 796 2113 ecclesiam
810 2048 975 2112 nouimus?
996 2047 1125 2113 ecclesia
1138 2066 1228 2128 para-

117 2157 180 2224 disi
202 2155 300 2220 instar
320 2151 490 2234 erprImons
511 2150 632 2216 arbores
653 2149 817 2234 frugiferas
837 2151 919 2215 intra
938 2168 1042 2216 muros
1056 2168 1128 2214 suos
1142 2151 1228 2215 intus

112 2259 251 2335 inclusit,
268 2276 303 2321 ox
319 2255 430 2338 quibua
445 2272 523 2336 quaa
538 2271 597 2318 uon
612 2251 687 2318 iacit
702 2253 838 2318 fructum
854 2253 969 2318 bouum
983 2253 1135 2318 exciditur
1150 2254 1181 2318 ct
1195 2253 1229 2317 in

114 2365 221 2448 iguem
246 2359 394 2426 mittitur.
421 2359 476 2422 bas
502 2357 623 2422 arbores
649 2357 732 2441 rigat
757 2358 903 2438 quattuor
923 2356 1104 2421 fluminibus
1126 2355 1160 2420 id
1180 2358 1229 2421 ost

75 2497 104 2538 ιο
118 2463 289 2550 euangeliis
304 2463 458 2544 quattuor,
475 2459 585 2542 quibus
599 2459 748 2541 baptismi
763 2459 897 2543 gratiam
912 2459 1043 2524 salutari
1057 2461 1089 2524 ot
1104 2459 1229 2524 caelesti

114 2568 315 2637 inundatione
329 2565 470 2648 largitur.
488 2562 639 2644 numquid
654 2563 691 2626 de
705 2561 849 2627 ecclesiae
863 2562 1000 2627 fontibus
1015 2562 1115 2645 rigare
1129 2561 1231 2642 potest

112 2674 168 2758 qui
182 2672 267 2736 intua
281 2670 314 2734 in
328 2667 455 2734 ecclesia
469 2685 529 2732 uon
543 2669 611 2729 cst?
625 2666 778 2747 numquid
792 2665 928 2747 paradisi
942 2666 1033 2746 potua
1049 2664 1188 2729 salubres
1199 2664 1231 2728 at

115 2775 266 2843 salutares
286 2770 433 2854 inpertire
454 2769 596 2851 culquam
611 2768 713 2849 potest
727 2768 780 2850 qui
795 2786 955 2850 pernorsus
971 2771 1002 2835 et
1017 2789 1037 2833 a
1051 2770 1150 2835 semet
1163 2766 1230 2848 ipso

219 2978 252 3031 11
269 2977 348 3030 Dent
365 2976 389 3036 4,
408 2973 449 3028 24.

167 3152 183 3204 1
195 3148 285 3218 posita
301 3147 334 3200 0¹
438 3144 465 3195 et
477 3141 660 3195 infunderetur
671 3157 719 3196 om.
734 3141 763 3194 Β
863 3141 880 3195 3
891 3141 1045 3210 baptizatur
1057 3143 1085 3196 Β
1183 3159 1230 3213 per

116 3233 280 3307 praepositis
296 3231 318 3285 0
446 3227 464 3281 4
475 3227 614 3280 offeratur
626 3227 653 3280 B
782 3227 1002 3297 beonseqnastur
1014 3228 1042 3282 Β
1169 3245 1229 3283 con-

114 3321 277 3376 summestur
288 3316 315 3370 Β
426 3313 537 3367 litator
548 3328 596 3366 oin.
611 3313 637 3366 P
751 3312 887 3368 concauus
899 3329 949 3368 oca.
963 3315 985 3368 O
1086 3315 1119 3370 do
1131 3315 1230 3369 hereti·

113 3408 153 3462 eia
167 3406 190 3461 0
306 3389 450 3456 utendum
462 3399 495 3452 N
611 3397 676 3465 8et]
688 3401 720 3452 ut
732 3399 770 3453 Co
889 3402 917 3453 et
929 3399 981 3454 soli
992 3415 1041 3454 om.
1058 3401 1081 3455 Ο
1192 3400 1231 3454 cit

113 3495 204 3550 mn
344 3484 497 3542 onosma
634 3469 901 3539 mimimo
1037 3485 1196 3554 aquoso

111 3578 288 3651 porsenna,
306 3574 404 3628 meses
417 3571 452 3633 Β,
469 3569 605 3624 monto
757 3569 924 3638 proauum
1076 3574 1105 3626 a
1118 3554 1181 3625 ciffi
1194 3571 1230 3635 Β,

111 3669 140 3722 et
152 3653 197 3721 clm
210 3666 238 3718 ot
249 3662 272 3717 0
282 3662 398 3715 meram
410 3659 438 3712 et
449 3672 468 3710 a.
483 3656 499 3710 l.
586 3656 736 3724 promentia
749 3654 799 3710 GT
810 3655 833 3708 iu
845 3672 880 3710 ex
893 3673 933 3722 ua,
944 3671 992 3725 pro
1004 3657 1099 3710 merito
1111 3672 1158 3710 auo
1169 3657 1197 3710 Β

111 3741 145 3809 1'4
157 3751 307 3806 adulteram
319 3745 386 3800 GNo
540 3740 637 3810 aliena]
656 3741 1068 3810 alienigiuamoctCaediaC
1082 3759 1197 3797 amane

111 3841 184 3896 lbet
195 3834 278 3891 orac
379 3827 482 3884 unitati
494 3828 521 3882 B
622 3827 757 3880 iuImicam
771 3827 808 3882 Oc
910 3829 944 3883 16
956 3845 1035 3882 unam
1046 3829 1113 3897 eiua]
1127 3829 1230 3882 unicam

111 3943 144 3982 aa
154 3919 284 3980 unituaG
374 3916 402 3970 et
413 3913 523 3968 ecclesia
534 3912 588 3965 NP
676 3912 819 3982 paradisiia
832 3913 865 3967 θ’
963 3914 995 3967 17
1007 3914 1147 3968 fuctifaras
1159 3914 1197 3969 Ge

111 4013 145 4068 18
156 4005 271 4065 includit
281 4023 298 4060 o
366 4001 443 4071 quaa]
456 4001 502 4068 qui
514 3999 575 4053 OP'
643 3997 741 4052 bouum
753 3998 903 4054 fructumt'
968 4001 1003 4054 20
1014 4001 1141 4054 salutaria
1154 4002 1197 4056 Bo

113 4102 140 4154 et
151 4115 201 4153 oia.
214 4112 231 4150 o
350 4086 472 4144 caelestia
485 4086 511 4138 B
634 4084 667 4138 21
680 4083 882 4139 inundationem
896 4087 932 4142 Β
1052 4088 1136 4155 rigari
1147 4086 1231 4142 GTri

114 4201 148 4242 aa
158 4201 187 4238 ro
300 4179 334 4234 22
346 4174 452 4236 saluber
463 4174 505 4226 eat
518 4172 555 4238 (et
566 4173 628 4238 osa)
640 4170 667 4224 L
777 4171 812 4225 zi
823 4187 959 4240 perueruou
971 4171 999 4227 L
1099 4173 1171 4242 ipsos
1185 4173 1229 4238 Β,

114 4272 201 4342 Ipsum
213 4268 242 4322 Β

216 4373 265 4421 111.
984 4345 1027 4410 bO
