3025 4967
290 350 354 415 624
685 350 831 405 Caecilii
854 351 1016 420 Cypriani

290 523 471 604 scripsimus
500 540 555 589 uos
585 524 678 588 lactis
706 524 843 607 inpletis,
870 527 991 607 quando
1018 528 1058 591 ad
1085 528 1247 594 ecclesiam
1275 530 1409 594 cemtat'u

290 644 325 690 sc
346 627 430 707 pacis
458 627 579 691 unitate
606 628 759 692 remeatis.
788 630 860 709 opto
882 646 946 707 uos,
973 629 1085 695 fratres
1106 632 1269 710 carissimi,
1297 652 1411 714 semper

290 728 368 794 bene
390 730 502 794 ualere.

600 972 964 1131 sensnum
1000 1020 1106 1131 nv.

541 1222 741 1279 CYPRIANVS
759 1223 972 1280 ANTONIANO
989 1225 1121 1279 FRATRI
1139 1226 1164 1280 S
1421 1245 1431 1280 e

265 1396 277 1457 l
334 1395 448 1479 Accepi
471 1396 586 1478 primas
600 1398 723 1461 litteras
738 1397 818 1474 tuas,
842 1396 938 1461 frater
953 1398 1120 1474 carissime,
1143 1398 1338 1463 concordiam
1356 1401 1413 1464 ool·

291 1498 366 1582 legii
399 1498 598 1563 sacerdotalis
634 1499 766 1564 firmiter
799 1500 972 1583 optinentes
1006 1504 1037 1565 et
1069 1500 1239 1567 catholicae
1276 1502 1414 1567 ecclesiae

291 1602 494 1679 cohaerentes,
529 1602 640 1683 quibus
670 1602 853 1685 significasti
883 1621 954 1667 cum
983 1602 1156 1668 Nouatisno
1184 1609 1217 1668 te
1245 1623 1307 1670 non
1337 1624 1414 1670 com·

291 1705 457 1787 municsre
481 1705 534 1769 sed
556 1704 642 1786 sequi
665 1705 827 1769 consilium
854 1708 995 1770 nostrum
1015 1709 1046 1770 et
1067 1726 1137 1772 cum
1153 1706 1296 1772 Cornelio
1319 1709 1413 1790 coepi·

291 1826 381 1891 scopo
402 1810 506 1872 nostro
529 1827 625 1871 unum
647 1809 749 1872 tenere
773 1826 961 1873 consensum.
985 1809 1136 1890 scripsisti
1151 1811 1250 1876 etiam
1265 1814 1303 1876 nt
1318 1832 1441 1877 crem-u
1490 1805 1491 1810 ’

290 1912 378 1992 plum
414 1911 578 1976 earundem
614 1911 791 1975 litterarum
820 1912 859 1975 ad
889 1910 1064 1977 Cornelium
1096 1912 1249 1997 collegam
1278 1917 1413 1979 nostrum

290 2014 546 2089 transmitterem,
579 2017 615 2079 ut
644 2015 783 2095 deposita
815 2014 899 2079 omni
932 2015 1140 2079 sollicitudine
1169 2017 1234 2080 iem
1266 2018 1359 2081 sciret
1385 2020 1411 2081 te

291 2135 393 2182 secum
418 2118 474 2182 hoc
496 2120 543 2181 est
565 2137 636 2182 oum
659 2117 810 2182 catholice
833 2118 960 2182 ecclesie
981 2120 1215 2183 communicare.

263 2219 282 2281 2
334 2220 392 2286 Sed
421 2221 502 2285 enim
530 2204 772 2303 superuenerunt
799 2221 995 2302 postmodum
1025 2221 1103 2285 aliae
1124 2221 1250 2286 litterae
1273 2224 1345 2287 tuae
1366 2241 1413 2303 per

292 2324 444 2403 Quintum
473 2326 743 2407 conpresbyterum
772 2325 892 2402 missae,
922 2324 1088 2406 inquibus
1116 2326 1327 2391 animaduerti
1354 2325 1439 2390 ani-c

293 2447 379 2492 mum
394 2429 485 2492 tunm
499 2426 665 2492 Nouatiani
681 2426 797 2492 litteris
812 2427 932 2491 motum
953 2432 1064 2492 nutare
1086 2428 1228 2509 coepisse.
1252 2449 1330 2493 nam
1350 2447 1412 2492 cunr

292 2534 325 2596 et
347 2530 509 2595 consilinm
538 2532 568 2595 et
591 2548 771 2596 consensum
799 2532 889 2595 tuum
919 2531 1050 2595 firmiter
1078 2533 1151 2595 ante
1178 2530 1310 2611 fixisses,
1339 2530 1411 2595 desi·

292 2634 406 2698 derasti
421 2633 454 2696 in
470 2634 518 2697 his
540 2634 655 2698 litteris
677 2635 712 2697 ut
729 2633 928 2698 rescriberem
949 2634 1008 2698 tibi
1032 2652 1125 2715 quam
1146 2634 1301 2698 haeresim
1315 2634 1413 2699 Nous·
1490 2681 1491 2684 η

291 2738 395 2801 tisnus
417 2736 636 2802 introduxisset
654 2737 706 2800 uel
721 2736 879 2802 Cornelius
901 2756 962 2818 qua
984 2737 1103 2801 ratione
1125 2736 1259 2802 Trofimo
1285 2742 1318 2803 et
1339 2737 1412 2802 turi·

291 2840 391 2905 ficetis
413 2838 627 2905 communicet.
651 2840 731 2922 quod
752 2840 877 2922 quidem
892 2841 918 2904 si
933 2858 988 2923 pro
1004 2840 1212 2905 sollicitudine
1234 2840 1310 2905 fidei
1332 2840 1441 2905 anxios
1490 2833 1491 2852 ¹

291 2962 378 3008 curas
394 2944 425 3007 et
439 2944 483 3007 rei
503 2943 614 3007 dubiae
635 2943 801 3008 ueritatem
824 2943 977 3009 sollicitus
1000 2943 1145 3027 exploras,
1168 2943 1411 3026 reprehendenda
1490 2935 1491 2960 ³

291 3066 351 3111 non
375 3048 422 3110 est
436 3046 468 3111 in
483 3047 595 3111 timore
617 3046 723 3111 diuino
746 3048 918 3112 aestuantis
941 3048 1037 3112 enimi
1060 3046 1236 3111 sollicitudo
1259 3064 1411 3130 suspensa
1474 3106 1476 3112 .

345 3233 401 3286 let
418 3233 541 3287 caritatis
557 3236 582 3288 T
595 3232 643 3287 sed
655 3236 683 3286 et
694 3250 715 3287 e.
728 3234 744 3287 t.
850 3233 1011 3287 2unitatem
1023 3233 1105 3303 Bor
1204 3234 1344 3287 remeastis
1359 3232 1412 3301 QT,
1490 3217 1491 3278 Ῐ

292 3320 448 3374 remeabunt
458 3319 520 3384 FL,
542 3320 727 3374 rememoratio
739 3319 837 3373 habuit
848 3319 874 3373 Β
976 3319 1117 3388 carissimi]
1131 3335 1162 3372 oc
1174 3316 1412 3373 desiderantissimi
1490 3331 1491 3376 ξ

292 3406 356 3461 cdd.
373 3406 411 3476 Qu
514 3422 617 3476 semper
629 3423 679 3460 om.
691 3406 724 3460 L.
739 3437 772 3445 -
785 3404 827 3460 Ad
839 3406 985 3459 Maximum
998 3405 1192 3474 (presbyterum
1204 3406 1270 3459 cdd.
1283 3405 1376 3475 FQrp
1387 3406 1412 3455 et
1490 3423 1491 3448 ι

293 3495 354 3559 (orn.
371 3493 410 3561 B)
431 3492 567 3547 Vrbanum
589 3496 617 3545 et
637 3494 676 3561 (ot
697 3509 745 3547 om.
766 3492 804 3557 Β)
825 3490 964 3545 Sidonium
986 3492 1171 3567 etllsnrium
1191 3491 1370 3559 (Maohsrium
1384 3488 1411 3559 Q,
1490 3485 1491 3554 ᾗ

291 3580 437 3633 macarium
448 3578 481 3632 dc
493 3578 654 3647 regressione
667 3594 757 3632 eorum
769 3578 804 3631 sd
816 3578 954 3632 ecclesiam
967 3580 1004 3646 Β)
1017 3579 1125 3647 explicit
1137 3577 1278 3647 BFLQT.
1292 3610 1327 3619 -
1490 3559 1491 3616 i

344 3666 428 3733 Epist.
442 3664 494 3718 LV.
510 3694 539 3702 -
553 3664 654 3735 Incipit
671 3664 704 3719 ad
716 3665 899 3719 Antonianum
916 3664 948 3718 de
961 3664 1080 3720 Cornelio
1092 3666 1120 3716 et
1132 3663 1286 3718 Nouatiano
1299 3662 1411 3722 BGLR.

291 3751 392 3821 Incipit
409 3751 443 3805 sd
454 3751 636 3805 Antonianum
654 3751 714 3819 lege
732 3751 849 3805 feliciter
865 3751 895 3820 Q.
916 3782 944 3790 -
963 3752 980 3805 6
998 3750 1145 3819 occepimus
1161 3749 1213 3805 GV
1314 3749 1411 3817 primas
1490 3809 1491 3812 Ἴ

292 3854 340 3891 om.
359 3836 381 3907 Q
484 3836 580 3906 collegi
596 3837 645 3892 ΟΒ
748 3838 763 3889 7
781 3838 947 3891 obstinentes
963 3838 1009 3901 0¹,
1032 3835 1178 3905 optinentis
1190 3836 1218 3889 Β
1321 3834 1339 3890 9
1358 3833 1411 3901 epi·
1490 3873 1491 3910 3

292 3922 405 3992 scopoQ
507 3923 541 3975 10
552 3926 580 3977 te
596 3925 686 3977 tenore
698 3924 734 3978 M
750 3925 790 3991 (te
807 3939 856 3978 orn.
873 3924 905 3994 Q)
1009 3922 1042 3977 12
1052 3921 1250 3975 transmitteret
1266 3921 1288 3976 0
1303 3920 1351 3973 sed
1366 3918 1409 3971 ott.
1490 3957 1491 4000 3

291 4024 337 4062 ro.
350 4010 367 4061 t.
438 4011 466 4061 te
476 4009 503 4063 L
514 4010 545 4062 irs
556 4025 619 4073 ros,
638 4009 692 4064 eR
772 4009 805 4064 15
817 4013 908 4063 contra
920 4008 1099 4078 presbyterum
1115 4008 1142 4061 Β
1220 4007 1253 4061 16
1264 4004 1381 4059 nutatO
1490 4031 1491 4034 ¹

291 4110 351 4148 cum
363 4109 396 4147 cc
408 4110 455 4148 con
468 4094 490 4149 0
557 4110 617 4148 cnm
629 4095 665 4164 et]
679 4096 773 4165 comQ
839 4096 874 4169 il
886 4095 1000 4148 firmiter
1011 4097 1086 4147 tunm
1099 4092 1149 4149 GR
1219 4093 1251 4145 18
1263 4091 1365 4145 heresin
1376 4088 1410 4150 L,
1490 4107 1491 4168 ᾗ

290 4180 409 4235 heresem
422 4180 450 4235 Β
529 4181 563 4234 19
574 4182 618 4235 nel
630 4197 679 4235 om.
693 4182 720 4235 L
800 4182 913 4249 tropimo
925 4182 959 4244 L,
971 4180 1131 4247 trophimoo
1210 4178 1245 4233 20
1256 4180 1280 4231 si
1291 4193 1337 4231 orsu
1352 4174 1379 4228 Β
1490 4229 1491 4252 3

291 4267 435 4322 sollicitius
447 4268 483 4323 M
494 4267 637 4337 (sollicitus
651 4267 684 4337 Q)
753 4268 788 4321 22
800 4267 960 4335 aestuantis]
972 4264 1042 4319 tanti
1054 4266 1079 4316 Β
