3025 4967
273 357 335 422 816
678 359 825 414 Caecilii
841 360 1002 428 Cypriani

272 515 327 578 aut
341 513 485 580 defendat
502 518 557 582 aut
571 515 684 593 eredat,
702 515 784 597 quod
798 515 952 580 innodatio
966 515 1042 581 baec
1055 517 1218 581 nominum
1233 518 1315 582 nuda
1333 518 1413 583 suf·

273 617 358 682 ficiat
381 619 421 683 ad
444 619 655 684 remissionem
677 619 873 701 peecatorum
894 621 928 682 et
940 618 1090 702 baptismi
1111 621 1410 698 sanctificationem,
1503 632 1504 635 ’

274 740 346 785 curn
371 721 447 786 baec
473 725 547 788 tune
571 723 678 805 ntique
700 722 872 805 proficiunt,
895 723 1016 804 quando
1030 725 1063 786 et
1077 723 1131 805 qui
1146 724 1285 806 baptizat
1305 725 1415 790 babet
1503 716 1504 719 ’

274 825 421 907 spiritum
441 826 584 890 mucium
598 827 631 890 et
645 825 802 907 baptisma
816 844 937 908 quoque
951 827 1057 908 ipsum
1070 844 1132 892 non
1146 828 1190 891 sit
1204 829 1272 892 sine
1285 829 1413 909 spiritu

274 928 488 994 constitutum.
513 928 567 992 sed
589 927 698 993 meunt
720 945 793 992 eum
813 928 867 1011 qui
889 928 1175 1009 quomodocumque
1195 929 1272 993 ioris
1293 928 1434 1010 bapti-s

274 1034 362 1096 satur
382 1035 485 1096 mente
500 1033 532 1096 et
546 1030 606 1095 fide
627 1051 684 1097 sua
705 1031 854 1113 baptismi
874 1031 1011 1114 gratiam
1031 1033 1175 1113 consequi
1194 1049 1289 1113 posse
1320 1031 1414 1113 quod

277 1137 309 1200 et
323 1136 427 1216 ipsum
442 1135 508 1200 sine
523 1134 617 1200 dubio
632 1130 801 1200 ridiculum
815 1136 873 1212 est,
888 1135 978 1216 quasi
993 1135 1032 1198 de
1045 1135 1132 1200 eaelo
1145 1135 1297 1200 adducere
1310 1136 1358 1199 ad
1374 1153 1413 1199 se

276 1238 375 1321 possit
393 1239 448 1302 aut
468 1255 555 1302 mens
575 1257 672 1320 praua
693 1237 849 1302 iustorum
864 1237 1139 1304 sanctidoationem
1160 1240 1217 1304 ant
1231 1239 1306 1304 fides
1321 1238 1414 1303 falsa

274 1339 465 1406 credentium
487 1341 663 1406 ueritatem.
684 1358 745 1405 non
765 1359 872 1406 omnes
892 1343 1000 1406 autem
1019 1341 1074 1423 qni
1090 1359 1204 1407 nomen
1218 1340 1338 1406 Christi
1356 1342 1413 1405 in-

274 1444 385 1508 uocaut
396 1443 496 1508 audiri
507 1443 539 1508 et
550 1444 775 1510 inuocationem
786 1462 876 1510 suam
886 1445 1030 1526 eousequi
1044 1444 1163 1527 aliquid
1178 1445 1296 1528 gratiae
1310 1462 1412 1527 posse
1420 1467 1448 1504 ι(

274 1547 426 1612 Dominus
446 1546 514 1629 ipse
528 1546 708 1614 manifestat
723 1547 843 1612 dicens:
865 1547 984 1612 multi
1006 1548 1166 1612 uenient
1186 1547 1226 1612 in
1247 1548 1412 1612 nomine
1503 1612 1504 1617 ,

275 1667 355 1714 meo
384 1651 572 1715 dieentes:
604 1669 671 1735 ego
698 1668 779 1716 sum
801 1649 997 1727 Christus,
1019 1653 1058 1714 et
1079 1651 1225 1716 multos
1246 1649 1410 1716 fallent

275 1752 364 1818 nulla
383 1752 513 1835 denique
534 1753 709 1818 differentia
730 1754 778 1818 est
798 1753 881 1818 inter
900 1754 1198 1836 pseudoprophetam
1217 1755 1250 1818 et
1263 1753 1410 1818 merefi-

276 1875 356 1920 onm.
372 1875 446 1922 nam
458 1859 494 1922 ut
505 1856 560 1922 ille
571 1856 604 1921 in
615 1857 737 1921 nomine
747 1856 808 1922 Dei
821 1859 877 1921 aut
887 1854 1014 1934 Christi,
1030 1857 1076 1921 ita
1089 1857 1149 1920 iste
1162 1858 1196 1920 in
1210 1857 1409 1922 sacramem

276 1960 425 2041 baptismi
447 1958 541 2024 fallit.
565 1959 724 2026 mendacio
745 1960 875 2041 ubsque
894 1960 1010 2024 nititur
1029 1960 1070 2025 ad
1084 1959 1280 2043 decipiendas
1299 1959 1408 2024 bomi-
1419 1977 1445 2016 a

279 2080 356 2124 num
370 2061 556 2126 uoluntates.
755 2123 760 2134 .

229 2165 267 2227 10
320 2164 397 2230 Volo
419 2167 523 2230 autem
545 2165 634 2230 uobis
654 2167 685 2230 et
701 2164 738 2230 de
753 2165 884 2230 historia
903 2185 982 2248 quae
1002 2167 1085 2247 apud
1104 2183 1160 2232 nos
1179 2166 1263 2232 faeta
1282 2168 1332 2231 est
1354 2185 1410 2231 er-

278 2287 388 2352 ponere
409 2268 449 2332 ad
469 2268 526 2333 boe
547 2269 649 2350 ipsum
671 2269 853 2350 pertinente.
881 2271 952 2334 ante
973 2268 1089 2352 uiginti
1104 2270 1187 2334 enim
1202 2269 1326 2335 etduos
1343 2268 1411 2334 fere

277 2390 371 2438 anuos
397 2371 588 2454 temporibus
615 2375 684 2453 post
707 2372 918 2438 Alexandrum
942 2373 1159 2454 imperatorem
1184 2373 1304 2438 miritae
1331 2373 1409 2436 istie

278 2477 519 2542 eonflietationes
534 2479 566 2540 et
581 2495 741 2556 pressurae
760 2474 940 2542 aeciderunt
960 2475 1012 2541 uel
1026 2476 1060 2540 in
1074 2494 1236 2542 commune
1256 2477 1442 2540 omnibusee

279 2578 455 2644 hominibus
476 2580 527 2644 nel
548 2579 697 2660 priuatim
717 2577 909 2644 christianis:
930 2582 1030 2644 terrae
1045 2579 1140 2644 etiam
1154 2581 1259 2645 motus
1273 2579 1408 2661 plurimi

280 2685 311 2748 et
326 2683 500 2764 frequentes
521 2682 698 2757 extiterunt
725 2685 762 2746 nt
777 2684 810 2746 et
831 2701 886 2765 per
900 2681 1126 2764 Cappadociam
1146 2683 1178 2746 et
1197 2702 1252 2764 per
1265 2683 1409 2747 Pontum

279 2786 381 2851 multa
407 2785 598 2863 subruerent,
626 2786 780 2867 quaedam
805 2786 902 2850 etiam
928 2786 1073 2850 ciuitates
1094 2787 1127 2850 in
1147 2785 1337 2868 profundum
1359 2805 1409 2848 re·

280 2892 368 2972 cepta
390 2889 507 2972 dirupti
528 2889 586 2955 soli
606 2890 697 2954 biatu
717 2889 948 2964 deuorarentur,
968 2891 1006 2953 ut
1020 2908 1056 2954 ex
1071 2889 1129 2954 hoc
1142 2889 1314 2970 persecutio
1329 2906 1409 2970 quo-

279 3012 338 3077 que
360 2994 464 3078 grauis
486 2994 651 3058 aduersum
666 3010 720 3058 nos
735 2993 870 3057 nominis
885 2991 982 3071 fieret,
1004 3010 1082 3074 quae
1096 2995 1166 3072 post
1179 2992 1307 3075 longam
1321 2993 1440 3056 retroa

279 3096 389 3160 aetatis
415 3115 522 3177 paoem
546 3097 670 3176 repente
696 3095 805 3160 oborta
824 3096 863 3161 de
881 3095 1041 3177 inopinato
1061 3097 1094 3159 et
1113 3095 1234 3159 insueto
1260 3095 1345 3158 malo
1367 3094 1406 3158 ad

279 3199 466 3264 turbandum
488 3198 637 3280 populum
659 3199 800 3264 nostrum
822 3196 990 3262 terribilior
1012 3196 1121 3262 effecta
1141 3199 1198 3261 est.
1224 3195 1407 3261 Serenianus

280 3303 355 3366 tunc
369 3300 431 3365 fuit
445 3302 477 3366 in
492 3302 597 3366 nostra
612 3301 772 3382 prouincia
786 3318 917 3381 praeses,
932 3299 1060 3364 acerbus
1075 3301 1108 3364 et
1118 3299 1205 3365 dnus
1219 3301 1405 3380 pemecntor.

281 3405 312 3470 in
333 3405 390 3468 hae
416 3405 521 3469 autem
546 3404 777 3486 perturbatione
802 3403 983 3468 constitutis
1009 3402 1154 3468 fidelibus
1175 3403 1207 3468 et
1226 3401 1287 3466 bne
1312 3403 1407 3483 atque

280 3510 356 3575 illue
373 3509 593 3590 persecutionis
613 3508 698 3572 metu
721 3505 913 3592 fugientibus
927 3507 959 3570 et
972 3505 1090 3587 patrias
1111 3523 1183 3570 snas
1203 3503 1440 3586 relinquenti-o

385 3698 416 3751 11
435 3695 517 3750 Mare.
536 3695 577 3758 13,
595 3694 619 3748 6.

332 3855 349 3906 9
361 3851 448 3906 omnis
462 3850 485 3920 Q
563 3850 595 3903 11
609 3849 666 3918 ipse
679 3846 715 3901 Μ
726 3863 748 3901 s.
761 3847 778 3901 l
790 3864 824 3900 m.
838 3841 857 3900 2'
869 3847 943 3914 (aab.
957 3845 992 3916 Q)
1066 3846 1099 3898 13
1111 3843 1235 3913 denique]
1248 3842 1346 3911 quippe
1356 3858 1375 3895 e

282 3939 315 3994 15
328 3938 464 4006 baptisma
475 3937 505 3990 E
583 3934 615 3988 11
627 3933 689 3988 nolo
700 3933 732 3987 E
807 3932 922 3986 mouns
932 3932 973 3986 rei
984 3932 1053 3986 scot
1067 3931 1162 3986 Roatt
1240 3929 1273 3983 1e
1284 3928 1335 3982 isti
1346 3927 1377 3982 E

281 4023 316 4078 22
327 4018 653 4090 stetissemus]
769 4017 805 4072 24
815 4016 933 4086 dirrupti
944 4017 977 4070 E
1091 4015 1127 4069 25
1138 4029 1236 4084 muas
1252 4012 1287 4082 ρ’
1303 4011 1405 4082 (gneio

282 4107 371 4178 ΜΨ)
503 4105 605 4161 nomini
617 4104 707 4174 MQ¹,
723 4103 868 4158 christiani
879 4103 996 4158 nominis
1007 4100 1112 4172 EIQ²o
1243 4114 1346 4168 quaeue
1356 4097 1404 4151 Μ’

283 4191 461 4264 (quaelibet
593 4190 782 4260 26aetates0
912 4185 1173 4255 28aoeruusEI¹Q
1300 4180 1405 4250 ithae]

283 4279 370 4350 hooQ
472 4277 508 4332 30
519 4277 583 4332 illac
598 4277 647 4348 0¹,
659 4277 722 4332 illoc
736 4275 774 4347 θ’
789 4274 926 4346 (illucM)
