3025 4967
440 441 619 510 Epistulae
635 441 757 496 LXIII.
776 460 798 498 c.
816 444 893 497 4-7.
1162 446 1224 511 705

146 596 184 660 In
206 596 418 663 benedictione
445 616 564 679 quoque
585 598 681 663 Iudae
701 598 758 663 hoo
780 598 864 663 idom
887 598 1089 683 significatur,
1118 600 1172 665 ubi
1195 598 1255 668 oto

101 699 171 763 illic
193 697 310 764 Christi
337 700 438 783 figura
464 701 660 783 exprimitur,
689 701 770 782 quod
798 701 987 767 afratribus
1014 702 1078 766 suis
1105 701 1227 767 laudari

101 803 136 865 ot
158 801 279 866 adorari
300 800 442 881 baberet,
471 804 552 885 quod
580 804 778 868 inimicorum
806 804 895 869 dorsa
922 805 1097 870 cedentium
1127 804 1227 887 adque

102 904 295 989 fugientium
320 906 464 971 manibus
486 906 599 989 quibus
621 925 742 973 crucem
769 907 900 991 pertulit
928 910 960 972 61
987 910 1121 972 mortem
1148 907 1227 972 uicit

80 1024 321 1087 rcoupressurus
353 1008 464 1074 fuisset
497 1009 638 1091 quodque
670 1011 735 1093 ipse
763 1011 805 1074 ait
834 998 883 1074 leo
911 1010 1060 1076 detribu
1088 1010 1166 1076 Iuda
1195 1012 1227 1075 et

105 1107 236 1172 recubet
263 1110 417 1175 dormiens
444 1112 477 1177 in
505 1112 646 1193 passione
668 1115 700 1177 61
721 1115 831 1196 surgat
854 1114 885 1178 61
907 1113 949 1178 611
971 1113 1036 1195 ipse
1058 1132 1127 1194 spos
1150 1132 1227 1197 gen·

104 1211 199 1276 tium.
222 1212 335 1293 quibus
356 1214 510 1295 scriptura
532 1214 638 1279 diuina
658 1215 802 1300 adiungit
825 1216 857 1280 61
879 1214 972 1281 dicit:
1001 1216 1159 1281 lanabit
1188 1214 1227 1279 in

101 1313 195 1379 nino
228 1317 370 1383 stolam
401 1336 507 1383 suam
540 1321 579 1383 61
613 1320 652 1384 iu
689 1320 881 1403 sanguine
916 1338 1011 1385 uuae
1044 1320 1227 1384 amictum

99 1437 222 1483 suum.
256 1420 376 1501 quando
397 1424 504 1497 autem
525 1424 652 1506 sanguis
673 1428 753 1488 uuae
775 1422 899 1501 dicitur,
930 1422 1005 1504 quid
1026 1422 1112 1487 aliud
1134 1441 1228 1504 quam

68 1546 93 1583 ro
102 1520 216 1585 uiuum
231 1522 336 1587 caliois
351 1523 498 1589 dominici
512 1526 639 1609 sanguis
654 1525 849 1591 ostenditur?

145 1624 211 1687 Noc
224 1642 285 1689 nou
298 1627 330 1690 et
346 1629 422 1709 aput
436 1627 562 1692 Esaiam
580 1628 638 1692 hoc
658 1628 743 1693 idem
764 1628 892 1709 spiritus
908 1630 1032 1693 sanctus
1048 1628 1085 1692 de
1101 1628 1254 1694 Domini?

98 1727 242 1807 passione
269 1730 404 1794 metatur
433 1730 552 1794 dicens:
590 1748 707 1811 quare
738 1730 955 1795 rubicunda
987 1731 1076 1794 sunt
1108 1731 1226 1795 uesti-

102 1832 237 1895 menta
262 1832 343 1909 tua,
371 1835 409 1896 ot
430 1832 656 1897 indumenta
676 1835 748 1898 tua
768 1833 882 1899 uolut
903 1832 1123 1897 calcatione
1151 1834 1226 1897 tor-

99 1932 254 1998 calaris
281 1932 385 2016 pleni
413 1937 450 1999 et
476 1936 714 2017 percalcati?
747 1935 899 2017 numquid
927 1936 1097 2000 rubicunda
1130 1936 1228 2001 uesti-

66 2065 91 2103 16
100 2038 211 2100 ments
230 2056 309 2119 aqua
327 2040 431 2120 potest
450 2038 549 2103 facere
563 2040 618 2104 aut
633 2039 827 2105 intercalari
842 2057 922 2120 aqua
937 2040 984 2103 est
999 2058 1076 2119 quae
1098 2039 1227 2121 pedibus

100 2140 244 2204 calcatur
253 2140 308 2203 uel
321 2141 426 2229 praelo
439 2142 644 2224 exprimitur?
664 2143 731 2207 uiui
747 2143 854 2225 utique
874 2143 992 2207 mentio
1007 2141 1075 2208 ideo
1089 2142 1225 2225 ponitur,

100 2244 140 2305 ut
154 2242 281 2307 Domini
301 2244 427 2326 sangnis
449 2244 521 2310 uino
542 2246 797 2329 intellegatur'et
818 2246 900 2327 quod
914 2246 947 2310 in
962 2246 1057 2310 calice
1072 2246 1226 2310 dominico
1293 2226 1298 2241 '

104 2346 217 2426 postea
230 2344 463 2410 manifestatum
478 2350 526 2411 est
540 2346 702 2431 prophetie¹
713 2348 971 2413 annuntiantibus
985 2348 1179 2431 praedicaret
1218 2394 1225 2411 .

103 2447 272 2512 torcularis
291 2449 553 2530 quoquecalcatio
568 2451 600 2514 et
613 2470 756 2533 pressura
771 2450 911 2515 taxatur:
923 2451 1006 2531 'quia
1020 2450 1172 2531 quomodo
1187 2449 1228 2513 ad

65 2550 274 2631 „potandum
296 2552 405 2615 uinum
426 2553 523 2616 ueniri
543 2570 603 2618 nou
622 2555 725 2636 potest
737 2554 799 2618 nisi
813 2553 942 2618 botruus
960 2553 1096 2618 calcetur
1111 2554 1182 2616 ante
1197 2553 1228 2615 et

102 2655 274 2736 prematur,
297 2654 341 2719 sic
363 2674 418 2719 neo
438 2673 493 2719 uos
515 2656 695 2740 sauguinem
711 2655 827 2721 Christi
850 2674 1008 2739 possemus
1030 2654 1144 2735 bibere,
1167 2653 1228 2719 nisi

208 2960 224 3012 7
243 2962 308 3015 Gen.
326 2961 368 3025 49,
389 2962 428 3016 11.
499 2961 532 3014 12
549 2960 592 3015 Iis.
610 2961 652 3025 63,
669 2963 693 3015 2.

155 3235 172 3285 1
185 3230 385 3300 significabitur
395 3232 423 3287 R
542 3233 560 3285 2
571 3230 733 3300 expromitur
749 3231 772 3286 Ο
902 3232 958 3285 361
970 3232 1075 3285 adorari
1088 3246 1138 3285 om.
1157 3232 1186 3297 V,
1201 3234 1229 3285 et

103 3317 265 3373 edbonorari
277 3318 311 3371 δ’
462 3318 531 3385 quod
543 3322 571 3370 et
582 3319 610 3371 P
766 3318 932 3373 caedentium
945 3318 973 3384 S,
992 3318 1157 3372 medentium
1172 3318 1195 3387 Q

103 3406 120 3459 6
132 3404 263 3459 recubans
278 3404 302 3474 Q
436 3407 560 3472 resurgat
574 3404 597 3473 Q
739 3404 754 3457 7
768 3404 890 3457 adiunxit
905 3404 928 3473 Q
1065 3403 1135 3457 dixit
1147 3402 1195 3471 SQ

103 3492 212 3545 leuauit
223 3491 261 3544 Μ
271 3490 386 3558 (lauabit
399 3489 432 3559 Q)
581 3489 616 3543 10
627 3490 767 3559 sanguinis
781 3490 876 3560 QBVc
1022 3490 1054 3541 11
1067 3492 1095 3541 et
1106 3504 1157 3541 om.
1172 3488 1195 3557 Q

104 3578 196 3630 eseiam
209 3576 237 3640 S,
256 3577 352 3630 eseiam
366 3575 397 3645 Q,
415 3575 511 3628 isaiam
522 3574 550 3629 R
566 3575 590 3628 is
608 3577 640 3629 ia
652 3592 706 3629 ros.
863 3576 895 3629 13
908 3591 924 3628 a
936 3574 1081 3629 calcatione
1095 3573 1195 3629 LORd

106 3664 140 3716 14
151 3666 181 3716 et
192 3661 267 3729 pleni
278 3664 307 3715 61
318 3663 346 3716 P
455 3660 633 3715 rubicundum
645 3661 680 3715 8¹
721 3684 724 3689 ·
796 3662 829 3715 15
841 3676 923 3729 squas
941 3660 963 3715 0
1069 3658 1098 3711 in
1110 3660 1198 3713 orraS

104 3732 227 3816 auneS
351 3747 427 3817 quae]
440 3762 524 3815 aquae
537 3747 560 3800 S
690 3748 724 3800 16
736 3746 872 3800 calcantur
884 3745 907 3799 S
1033 3745 1086 3814 uel]
1100 3748 1127 3797 et
1140 3745 1196 3799 LP

104 3832 199 3901 praelo
211 3848 260 3885 ora.
274 3833 302 3886 P
437 3832 498 3886 ideo
514 3832 647 3902 OQRSV,
665 3835 706 3885 est
717 3835 745 3885 ot
756 3832 815 3885 ideo
827 3832 882 3885 LP
1017 3831 1157 3899 exponitur
1172 3831 1196 3902 Q

105 3919 137 3972 17
150 3919 215 3971 uino
227 3934 277 3971 om.
290 3936 307 3971 c
398 3920 426 3971 et
436 3934 487 3971 om.
500 3918 527 3973 R
619 3918 653 3971 18
664 3917 849 3986 manifeslttum
862 3916 886 3970 S
970 3916 1167 3985 praediceretur
1179 3935 1196 3973 c

106 4006 140 4058 19
153 4003 199 4071 ad]
212 4003 324 4056 calcatio
337 4002 371 4056 ad
383 4003 422 4056 L¹
529 4004 723 4073 reputandum
736 4002 765 4066 S,
778 4001 923 4071 optandum
940 4000 963 4071 Q
1066 4005 1157 4057 uenire
1172 4004 1196 4073 Q

103 4089 217 4144 1616666
230 4088 286 4153 SL,
307 4087 418 4141 bootuns
434 4088 457 4157 Q
473 4089 498 4156 (r
516 4092 606 4157 erac),
628 4089 734 4144 bactrus
745 4090 783 4142 M
798 4090 823 4156 (r
841 4092 930 4158 orca),
952 4088 1045 4142 botrus
1066 4088 1160 4144 OPRc

104 4174 221 4229 66166166
238 4190 307 4228 corr.
320 4174 353 4227 16
369 4172 439 4226 66166
456 4173 569 4228 feriatur
580 4177 609 4229 P
618 4192 653 4228 m.
664 4180 683 4228 2
818 4175 852 4228 21
865 4174 993 4243 sanguine
1004 4172 1032 4227 R
1169 4189 1229 4243 pos-

105 4260 189 4314 simus
206 4259 238 4328 Q,
248 4274 388 4328 possumus
401 4258 428 4313 P
530 4261 636 4315 ebibere
653 4261 711 4329 QR.
724 4264 753 4315 et
765 4261 855 4315 bibere
870 4261 893 4314 0

206 4366 259 4413 111.
980 4346 1023 4411 45
1128 4336 1134 4347 '
