3025 4967
301 394 364 459 362
700 392 844 449 Caecilii
862 391 1025 461 Cypriani

300 565 377 631 qnos
390 548 426 613 ιιι
441 548 566 613 adoras:
581 546 702 614 uidebis
718 547 776 613 sub
790 566 886 614 mauu
899 550 1006 614 nostra
1015 549 1100 615 stare
1113 546 1234 613 uinctos
1249 548 1282 612 et
1295 546 1427 611 tremere

301 650 440 733 captiuos
461 668 536 733 qnos
556 652 593 716 ιιι
607 650 739 733 suspicis
752 653 786 716 et
799 652 956 717 ueneraris
970 653 1008 717 nt
1020 650 1171 717 dominos
1196 650 1279 715 certe
1303 646 1357 715 ud
1382 647 1427 713 sic

301 753 446 819 confundi
471 754 505 819 in
529 753 600 819 istis
626 755 780 821 erroribus
803 755 868 820 tuis
881 754 1014 838 poteris,
1037 754 1159 838 qnando
1173 750 1383 835 eonspecreris
1396 750 1428 814 ιι

301 856 436 923 audieris
457 856 529 922 deos
544 858 615 922 tuoe
629 858 704 941 quid
719 857 784 923 sint
797 858 1039 944 interrogatione
1052 859 1160 923 nostra
1173 856 1285 923 statim
1300 853 1428 938 prodere

301 962 334 1026 et
355 960 568 1045 praesentibus
590 961 665 1027 licet
686 961 776 1027 uobis
790 963 977 1047 praestigias
990 962 1064 1028 illas
1078 963 1111 1027 ιι
1125 960 1268 1027 fallacias
1281 976 1355 1025 snas
1369 974 1429 1022 non
1448 983 1459 1021 ι

301 1082 389 1149 posse
404 1066 512 1131 celare.

254 1166 292 1231 lo
343 1166 428 1247 Quae
442 1185 516 1253 ergo
530 1168 645 1235 mentis
660 1168 788 1253 ignauia
801 1170 864 1248 ιιι,
887 1170 984 1235 immo
1006 1186 1085 1253 quae
1104 1166 1326 1252 desipientium
1341 1180 1429 1229 caeca

300 1273 332 1337 et
357 1272 456 1337 stulta
481 1272 638 1338 dementia
663 1272 704 1338 ad
727 1274 829 1339 lucem
854 1274 893 1340 de
918 1273 1053 1339 tenebris
1074 1289 1136 1337 non
1150 1270 1255 1336 uenire
1269 1270 1304 1334 et
1319 1266 1429 1332 mortis

300 1374 440 1441 aeternae
461 1375 580 1459 laqueis
602 1376 724 1441 uinctos
743 1394 831 1459 spem
845 1376 927 1442 nolle
941 1374 1178 1441 inmortalitatis
1192 1372 1348 1456 excipere,
1370 1388 1430 1435 non

300 1480 437 1544 metuere
460 1479 561 1545 Deum
585 1480 814 1545 conminantem
838 1480 870 1545 ιι
892 1478 1063 1546 dicentem:
1086 1476 1329 1545 sacrificans
1351 1473 1460 1539 diiso

300 1580 570 1648 eradicabitur
591 1582 669 1649 nisi
683 1582 846 1649 Domino
868 1582 955 1649 soli.
971 1582 1150 1649 etiterum:
1165 1578 1430 1646 adorauerunt

299 1702 362 1750 eos
391 1702 484 1768 quos
516 1685 694 1752 lecerunt
726 1686 849 1771 digiti
881 1703 1032 1770 eorum,
1069 1686 1109 1752 ιι
1141 1685 1336 1751 carnatus
1369 1680 1430 1746 est

299 1787 412 1854 bomo
435 1792 474 1855 et
495 1789 735 1856 humiliatus
765 1791 826 1856 est
855 1790 935 1869 nir,
973 1791 1012 1856 et
1042 1808 1114 1856 non
1146 1788 1286 1854 laxabo
1319 1784 1430 1850 illisi

300 1892 375 1975 qnid
390 1894 423 1958 te
437 1893 477 1958 ad
492 1891 587 1960 falsos
602 1893 675 1960 deos
689 1894 840 1959 humilias
854 1896 886 1960 ιι
907 1893 1055 1973 inclinas,
1077 1893 1153 1977 qnid
1173 1895 1245 1958 ante
1264 1890 1373 1975 inepta
1386 1887 1428 1953 si·

301 1995 441 2061 mnlaora
464 1998 497 2062 ιι
520 1997 672 2083 figmenta
685 1998 808 2063 terrena
822 1996 981 2079 captiuum
997 2014 1106 2079 corpus
1119 1996 1288 2062 incnmas?
1309 1993 1459 2060 rectuma

301 2100 334 2164 te
344 2099 428 2165 Deus
440 2100 514 2166 iecit
528 2102 561 2166 ιι
575 2119 647 2166 cum
662 2102 765 2167 cetera
778 2100 928 2166 animalia
941 2119 1037 2184 prona
1051 2101 1084 2167 ιι
1098 2101 1137 2165 ad
1151 2100 1268 2165 terram
1283 2097 1350 2163 situ
1359 2112 1429 2159 ner-

301 2206 393 2288 gente
415 2204 558 2287 depressa
580 2205 659 2283 sint,
682 2205 742 2271 tibi
758 2204 903 2270 sublimis
917 2205 1020 2270 status
1035 2206 1068 2271 ιι
1082 2204 1123 2269 ad
1139 2204 1260 2269 caelum
1274 2202 1378 2285 adque
1391 2200 1429 2264 ad

302 2307 472 2372 Dominum
494 2326 602 2373 susum
624 2308 732 2374 uultus
755 2309 874 2373 erectae
896 2309 954 2374 eet.
977 2308 1056 2373 illuc
1077 2308 1211 2383 intuere,
1233 2305 1312 2370 illuc
1327 2303 1429 2369 oculos

302 2411 373 2476 tuos
387 2410 503 2495 dirige,
526 2411 559 2475 in
573 2412 714 2495 supernis
728 2411 832 2477 Deum
846 2429 966 2495 quaere.
1000 2413 1038 2477 ut
1063 2428 1164 2477 carere
1187 2408 1296 2474 inferis
1321 2406 1428 2491 possis,

302 2516 343 2582 ad
357 2515 423 2582 alta
437 2517 470 2580 ιι
484 2516 628 2582 caelestia
642 2534 825 2599 suspensum
839 2518 946 2599 pectus
960 2515 1085 2582 adtolle.
1109 2515 1184 2600 quid
1205 2517 1237 2580 to
1259 2514 1293 2578 in
1306 2513 1429 2597 lapsum
1437 2536 1461 2575 ιι

303 2620 414 2685 mortis
429 2636 501 2684 cum
516 2622 655 2702 serpente
670 2638 763 2703 quem
783 2620 861 2686 colis
881 2621 1016 2686 sternis?
1037 2620 1113 2703 quid
1127 2620 1161 2684 in
1175 2618 1298 2684 ruinam
1313 2614 1429 2683 diaboli

302 2741 357 2806 per
378 2722 482 2807 ipsum
504 2723 537 2790 ιι
557 2740 629 2789 cnm
643 2724 710 2808 ipso
725 2723 834 2790 cadis?
855 2724 1086 2790 sublimitatem
1101 2740 1191 2788 serua
1204 2741 1266 2805 qua
1280 2721 1373 2786 natus
1387 2737 1427 2784 es.

164 2899 167 2907 ,
303 2844 465 2910 perseoera
479 2825 553 2892 talis
568 2827 670 2909 qualis
685 2846 704 2892 a
718 2828 782 2894 Deo
797 2827 900 2894 lactus
914 2845 956 2892 es.
985 2847 1057 2893 carn
1071 2829 1157 2893 statu
1171 2825 1233 2891 oris
1248 2825 1281 2891 ιι
1295 2822 1429 2906 corporis

303 2930 443 2996 animum
468 2933 559 2997 tuum
585 2932 697 2997 ιιιιιι.
722 2933 759 2996 ut
784 2948 964 3017 cognoscere
990 2932 1091 2997 Deum
1106 2930 1221 3013 possis,
1244 2931 1277 2994 te
1291 2929 1367 2994 ante
1380 2943 1429 2991 oo·

303 3050 423 3118 gnosce.
447 3034 586 3116 relinque
610 3034 695 3099 idola
720 3052 798 3117 qnae
822 3035 978 3101 humanus
999 3052 1083 3101 error
1104 3033 1234 3100 inuenit
1262 3031 1305 3097 ad
1329 3031 1459 3096 Denms

304 3138 495 3203 conuertere:
519 3154 611 3219 quem
626 3136 654 3202 si
669 3136 887 3218 inploramus,
910 3136 1065 3203 subuenit.
1095 3135 1219 3202 Christo
1233 3135 1324 3200 erede
1338 3152 1429 3217 qnam

303 3238 500 3305 nidificandis
515 3258 551 3305 ae
564 3239 743 3324 reparandis
757 3241 846 3306 nobis
860 3244 948 3323 pater
973 3240 1071 3306 misit.
1093 3240 1215 3306 laedere
1240 3256 1346 3305 seruos
1372 3235 1429 3301 Dei

304 3344 336 3409 et
350 3341 466 3409 Christi
481 3342 744 3426 persecutionibus
770 3344 835 3409 tuis
861 3342 966 3410 desine
991 3361 1068 3426 qnos
1093 3342 1193 3409 laesos
1218 3342 1298 3407 ultio
1324 3340 1430 3405 diuina

303 3446 451 3513 defendit.

255 3548 292 3614 ll
345 3550 421 3616 Inde
436 3551 484 3616 eet
498 3549 581 3615 enim
596 3550 678 3633 quod
692 3568 783 3616 nemo
796 3553 938 3619 nostrum
949 3552 1070 3637 quando
1080 3549 1320 3636 adprehenditur
1330 3547 1460 3613 raldo-o

302 3655 389 3720 tatur
413 3673 469 3721 nec
495 3673 528 3721 se
553 3655 701 3722 aduersum
729 3655 881 3723 iniustam
906 3656 1090 3725 uiolentiam
1119 3658 1257 3723 nestram
1286 3650 1428 3737 quamuis

411 3825 445 3878 10
460 3824 507 3880 Ex.
521 3824 564 3891 22,
576 3825 618 3880 20.
673 3827 705 3880 11
724 3826 768 3881 Ida
781 3826 806 3893 2,
818 3829 837 3883 8
848 3843 887 3897 sq.

357 3961 375 4016 4
392 3962 615 4032 interrogationes
627 3963 656 4020 R
723 3965 741 4020 b
759 3964 824 4019 lieet
835 3982 870 4019 ec
880 3965 926 4020 bic
937 3968 966 4019 et
976 3964 1005 4021 R
1083 3964 1247 4035 prestrigias
1260 3962 1299 4019 W
1308 4030 1352 4049 Ν
1366 3959 1428 4015 illas

303 4048 391 4103 osred
457 4048 641 4104 deelarareS
708 4051 883 4107 ιιιιιιιιίιιι
951 4050 1163 4121 dnonlnolleo
1232 4050 1267 4105 10
1282 4046 1381 4104 domS

305 4134 338 4188 12
355 4134 541 4192 incuruataso
611 4135 644 4189 15
662 4137 801 4206 captinao
869 4138 1017 4207 corporeR
1086 4139 1120 4193 18
1137 4137 1215 4192 deum
1227 4136 1273 4193 Ro
1337 4145 1427 4187 mum

303 4221 416 4291 coepe,
435 4221 641 4287 enumerem,
660 4224 801 4279 caunum
853 4225 887 4278 19
904 4224 978 4293 erige
994 4224 1075 4281 orae
1134 4206 1199 4279 ocii
1208 4223 1232 4278 s
1290 4220 1326 4275 ιι
1342 4219 1427 4288 rpem

304 4308 332 4365 R
383 4308 418 4363 24
435 4310 476 4379 ιι]
489 4310 553 4365 etS
603 4310 787 4379 cognoscasR
848 4311 882 4365 21
901 4314 977 4381 pater
989 4311 1105 4367 filinmo
1167 4310 1203 4367 30
1218 4310 1379 4365 enimenta

306 4397 334 4449 ιι
346 4411 422 4449 nemo
437 4396 474 4451 W
523 4397 555 4450 31
574 4395 704 4451 iniustam
717 4413 768 4451 om.
783 4398 809 4452 V
