3025 4967
298 390 363 456 488
569 331 574 348 Δ
680 383 833 440 Caecilii
853 383 1014 454 cypriani
1492 410 1493 457 p

298 545 384 609 ribne
412 546 484 609 sunt
511 543 578 607 siue
605 541 722 608 exclusi
744 540 784 606 de
804 540 930 606 sedibus
957 539 1023 604 suis
1044 539 1153 621 ntique
1173 537 1286 604 babere
1305 539 1406 604 debent

298 648 352 730 qui
368 648 412 712 eis
427 647 619 712 ministrent:
653 645 707 710 sed
722 647 753 710 et
774 644 959 709 catecumini
974 642 1155 726 adprehensi
1170 642 1346 707 infirmitate
1358 643 1407 706 de-

297 751 379 834 cepti
394 769 459 815 esse
480 768 539 814 non
561 749 724 831 debebunt,
747 747 843 812 uteie
864 747 1076 812 subueniatur.
1099 748 1131 810 et
1145 746 1227 828 qnod
1248 746 1408 810 maximum

249 899 252 903 .
297 855 353 936 est,
377 872 501 936 corpora
515 853 688 933 martyrum
702 853 757 915 aut
772 852 940 915 ceterorum
960 850 987 914 si
1010 867 1070 914 non
1085 849 1283 930 sepeliantur,
1304 847 1409 932 grande

295 957 467 1041 pericnlum
487 955 630 1020 imminet
645 955 688 1020 eis
703 954 815 1036 quibus
836 953 990 1017 incumbit
1009 954 1165 1034 hocopus.
1197 951 1424 1031 cuiuscumques

296 1079 368 1144 crgo
383 1061 521 1124 nestrum
532 1077 724 1140 quacumque
738 1058 895 1122 occasione
906 1057 1000 1120 inerit
1014 1055 1159 1120 effectum
1169 1054 1226 1119 lroc
1240 1074 1324 1137 opus,
1338 1053 1410 1118 certi

295 1182 401 1227 snmus
422 1181 494 1226 eum
515 1161 629 1226 bonum
651 1179 775 1224 sernum
790 1159 958 1236 aestimari,
980 1160 1017 1223 ut
1038 1159 1092 1240 qui
1111 1158 1146 1223 in
1166 1157 1296 1222 minimo
1317 1156 1409 1220 tidelis

294 1267 356 1331 fuit
378 1266 584 1331 constituatur
604 1283 694 1346 super
708 1264 815 1329 decem
829 1264 983 1328 ciuitates.
1020 1261 1116 1327 iaciat
1130 1267 1236 1326 autem
1250 1263 1343 1339 Deus,
1360 1259 1409 1342 qni

294 1368 398 1434 omnia
414 1369 552 1450 praestat
574 1367 768 1449 sperantibus
789 1368 824 1431 in
837 1386 879 1446 ee,
903 1369 939 1431 nt
952 1383 1057 1431 omnes
1078 1383 1134 1430 nos
1154 1365 1189 1430 in
1209 1366 1258 1430 his
1272 1363 1408 1448 operibus

292 1472 494 1536 inueniamor.
532 1471 670 1536 salutant
690 1489 744 1536 nos
759 1471 869 1536 fratres
884 1469 938 1553 qui
958 1470 1078 1534 suntin
1092 1469 1227 1534 uinculis
1242 1469 1274 1534 ct
1287 1469 1437 1551 presby-o

292 1576 352 1640 teri
367 1576 398 1640 et
419 1576 486 1640 tota
507 1574 651 1649 ecclesia,
673 1591 751 1656 quae
768 1575 800 1638 et
814 1574 881 1656 ipsa
902 1593 973 1638 cnm
995 1592 1117 1639 summa
1139 1572 1348 1638 sollicitudine
1361 1589 1409 1635 er·

292 1678 385 1742 cubat
397 1695 452 1759 pro
466 1677 609 1742 omnibus
626 1676 680 1760 qui
694 1677 838 1742 innocent
851 1695 963 1742 nomen
980 1676 1114 1742 Domini
1148 1676 1203 1742 sed
1217 1677 1250 1740 et
1263 1693 1320 1740 noe
1334 1675 1408 1757 peli-

291 1799 361 1844 mue
383 1782 493 1845 mutua
507 1781 574 1846 uice
588 1798 737 1846 memores
753 1781 824 1845 sitis
843 1781 951 1846 nostri.
989 1781 1095 1845 sciatis
1109 1782 1215 1844 autem
1229 1779 1409 1844 Bassianum

289 1885 463 1966 peruenisse
478 1885 517 1948 ad
531 1901 601 1948 nos:
624 1886 656 1948 et
670 1885 806 1968 petimus
820 1903 885 1962 uos,
901 1883 955 1965 qui
964 1883 1087 1948 habetis
1101 1883 1202 1948 zelum
1216 1883 1286 1961 Dei,
1300 1882 1408 1948 barum

289 1987 466 2052 litterarum
482 1987 656 2068 exemplum
671 1988 753 2069 apud
764 2004 971 2069 quoscumque
981 1987 1123 2068 poteritis
1133 1986 1347 2050 transmittere
1357 2002 1434 2068 pers

189 2168 192 2174 1
288 2090 412 2154 idoneas
434 2091 613 2172 occasiones,
636 2091 687 2154 nel
709 2093 827 2155 uestras
849 2089 989 2168 iacietis,
1012 2091 1079 2156 sine
1099 2089 1244 2154 nuntium
1265 2088 1408 2169 mittatis,

287 2194 324 2257 nt
344 2193 427 2258 stent
447 2191 541 2258 fortes
557 2195 588 2257 et
602 2193 765 2258 inmobiles
779 2194 812 2259 in
826 2192 895 2258 lide.
930 2195 1076 2276 optamus
1095 2212 1161 2272 noe,
1183 2192 1296 2258 fratroe
1317 2191 1409 2258 cada·

287 2294 370 2374 simi,
392 2314 512 2378 semper
525 2296 601 2361 bene
616 2296 728 2361 ualere.

537 2583 924 2696 EPISTVLA
958 2583 1156 2695 VIIIL

286 2821 484 2878 CYPRIANVS
500 2822 737 2878 Pnnsnrrnms
755 2822 800 2876 El*
818 2821 1035 2877 DIAOONIBVS
1056 2823 1179 2879 Rom
1201 2822 1435 2882 consueras-a

662 2908 766 2963 Tfflvs
783 2908 984 2963 FRATRIBVS
1002 2909 1030 2964 S.

259 3046 281 3153 1Ι
327 3079 405 3146 Cum
420 3079 458 3145 de
473 3099 595 3146 excessu
609 3081 683 3146 boni
704 3081 766 3145 uiri
780 3081 918 3164 collegae
938 3081 1001 3145 mei
1021 3098 1126 3147 rumor
1139 3082 1222 3165 apud
1235 3100 1291 3147 nos
1307 3085 1406 3150 incer·

285 3185 336 3249 tus
363 3186 460 3262 esset,
492 3183 601 3249 iratres
630 3184 801 3263 carissimi,
834 3187 867 3249 et
888 3184 991 3266 opinio
1020 3185 1114 3250 dubia
1134 3187 1272 3264 nutaret,
1302 3186 1406 3270 accepi

335 3371 350 3423 1
369 3369 461 3424 excudi
473 3386 505 3433 ec,
523 3369 626 3440 expulsi
637 3389 657 3440 μ
702 3370 744 3440 de]
757 3387 774 3425 a
785 3375 827 3424 eol
860 3370 1045 3425 denticumini
1059 3372 1090 3434 T,
1102 3370 1281 3426 cathecumini
1291 3390 1361 3443 φμω

283 3455 312 3510 iu
329 3453 518 3525 infirmitatep
583 3455 601 3509 3
617 3455 760 3527 debebunt]
772 3455 941 3525 habebnntp
1006 3456 1106 3526 quidp
1174 3457 1193 3510 4
1208 3457 1319 3526 mdis
1336 3458 1405 3528 peri·

282 3541 350 3596 culis
366 3541 391 3595 Τ
445 3541 649 3610 bimmineatp
703 3542 751 3611 eis]
764 3543 840 3612 hisp
905 3541 1079 3612 cuiusquep3
1098 3543 1285 3611 cuiuscumque
1355 3546 1404 3600 hoc

282 3645 470 3698 opusom.rpw
527 3629 809 3699 tellectumfueritp¹
865 3629 1079 3699 lexistimarip
1138 3631 1348 3701 minimoonmp

281 3714 379 3783 scuit]
401 3714 484 3784 critp
550 3731 627 3784 snper
647 3732 763 3770 oucw»
799 3715 996 3786 decem1X1w
1063 3717 1174 3786 iacitp¹
1245 3718 1279 3771 11
1296 3734 1404 3773 cuma

283 3815 332 3853 con
347 3801 372 3854 T
439 3801 472 3855 12
489 3817 579 3855 omncs
594 3803 620 3856 T
678 3802 736 3871 noe]
754 3819 831 3857 noso
898 3803 933 3857 13
949 3803 1194 3873 ontem1otcump
1261 3805 1404 3860 baianum

284 3886 328 3954 Pp
383 3885 417 3940 15
434 3887 584 3957 exemplep
641 3887 721 3959 apud]
734 3887 817 3958 adpo
878 3890 1056 3959 potueritisp
1112 3890 1146 3944 16
1162 3893 1286 3961 aucep
1344 3909 1403 3946 mn·

281 3973 384 4026 tatisec
431 3973 600 4030 l‘lctoocw
645 3973 833 4029 infideorreeo
875 3977 1073 4030 stemeeomw
1116 3976 1319 4047 18sempcroes
1333 3996 1402 4034 eo-

281 4057 404 4113 Scribene
416 4057 552 4114 Celerinus
563 4059 678 4115 Lucisne
690 4061 799 4130 explicit
814 4061 844 4126 T,
863 4077 913 4116 ose
927 4078 1002 4131 ppec.

333 4143 418 4212 Epist.
431 4144 522 4198 VIIII.
539 4175 573 4186 -
590 4145 632 4201 Ad
648 4146 748 4200 clerum
764 4146 797 4200 de
808 4162 914 4202 ucoesu
930 4147 1047 4217 episcopi
1063 4163 1153 4202 eorum
1169 4148 1200 4213 V,
1219 4149 1319 4221 Incipit
1330 4150 1400 4220 (epi-

282 4230 355 4284 stula
367 4231 493 4301 Cypriani
504 4231 569 4286 cdd.
582 4233 633 4296 ΙΤ)
645 4231 787 4286 scribentis
796 4231 922 4298 (scribens
931 4235 957 4302 o)
966 4233 1065 4287 Romae
1076 4234 1145 4288 clero
1156 4233 1202 4304 (ad
1210 4235 1308 4290 clerum
1321 4236 1357 4298 Τ)
1366 4235 1399 4290 de

280 4315 412 4372 redicione
433 4317 475 4379 (de
494 4316 641 4372 redditione
654 4317 676 4370 I
676 4319 706 4383 T,
723 4333 774 4372 ona
787 4319 832 4388 Μ)
850 4319 966 4389 episcopi
983 4320 1070 4375 urbici
1081 4319 1208 4389 (urbicini
1219 4324 1245 4389 o)
1263 4322 1397 4387 nsoter,

279 4415 329 4454 ona
343 4422 372 4456 ω.
386 4403 577 4457 -23ωεθΜ
638 4407 745 4459 notaret
761 4402 787 4454 Τ
