3025 4967
695 371 843 425 Caecilii
867 371 1029 441 Cypriani

536 628 901 741 EPISTVLA
937 630 1196 743 LXVIII.

560 833 764 890 OYPBIANVS
781 834 970 891 STEPHANO
987 835 1122 891 FRATRI
1140 835 1167 889 S.

274 1012 287 1074 1
344 1007 512 1073 Faustinus
527 1007 646 1091 collega
659 1007 764 1073 noster
779 1006 925 1091 Lugduni
944 1008 1123 1087 consistens,
1147 1006 1244 1073 irater
1258 1008 1427 1085 causeime,

300 1111 397 1178 semel
411 1110 511 1194 adque
524 1111 641 1176 iterum
657 1110 737 1175 mibi
751 1110 877 1192 scripsit
891 1112 1069 1196 significuus
1084 1128 1120 1175 oa
1134 1130 1212 1194 quae
1227 1110 1324 1176 etiam
1339 1108 1428 1173 uobis

301 1215 364 1281 scio
379 1214 486 1296 adque
501 1214 644 1279 nuntiata
657 1214 724 1278 tem
739 1213 779 1277 ab
794 1230 829 1277 co
844 1232 939 1296 quam
954 1232 973 1279 o
988 1214 1097 1279 cetere
1109 1214 1296 1297 coepiscopis
1307 1211 1443 1277 nostrisa

299 1318 334 1382 irr
354 1316 459 1383 eadem
482 1316 641 1399 prouincia
661 1315 851 1393 comtitutis,
878 1316 960 1399 quod
981 1315 1157 1383 Marcianus
1179 1317 1305 1382 Arelate
1326 1314 1428 1381 consi-

303 1423 388 1486 steus
403 1418 575 1485 Nouatiauo
595 1437 629 1483 se
643 1419 834 1484 coniunxerit
849 1420 881 1483 et
896 1437 915 1483 a
936 1419 1106 1485 catholicae
1127 1418 1271 1484 ecclesiae
1293 1418 1427 1483 ueritate

300 1521 400 1605 adque
415 1542 435 1587 a
448 1521 584 1605 corporis
604 1522 703 1588 nostri
719 1522 751 1587 et
772 1520 935 1587 sacordotii
957 1523 1153 1589 couseusione
1174 1521 1360 1598 remeent,
1381 1523 1428 1585 te-

300 1644 376 1691 nens
393 1626 564 1690 baereticae
575 1624 836 1708 praesumptionis
849 1624 1050 1691 dommimam
1061 1625 1263 1708 pronitatem,
1278 1626 1315 1689 ut
1330 1624 1428 1688 serub

302 1727 361 1793 Dei
375 1728 604 1809 paenitentibus
615 1730 647 1793 et
659 1727 836 1794 dolentibus
848 1730 880 1793 et
892 1727 932 1793 ad
944 1729 1107 1793 ecclesiam
1117 1727 1255 1793 lacrimis
1265 1726 1452 1810 etgemiture

301 1832 333 1895 et
348 1829 452 1896 dolore
465 1830 663 1913 pulsantibus
678 1832 804 1897 diuinae
817 1830 946 1913 pietatis
958 1832 989 1895 et
1001 1830 1141 1896 leuitatis
1153 1832 1300 1913 paternae
1311 1830 1426 1895 solacia

299 1936 331 1999 et
346 1933 484 1998 subsidia
504 1934 669 1999 eludantur
693 1952 749 1998 uec
764 1934 804 1999 ad
820 1934 951 1999 fouenda
970 1934 1100 1998 uulnera
1120 1932 1329 1999 admittentem
1351 1932 1422 1997 uul-

298 2037 409 2114 nerati,
430 2036 485 2101 sed
498 2036 564 2100 siue
578 2054 632 2118 spe
646 2036 731 2119 pacis
747 2039 781 2101 et
796 2036 1085 2101 communicationis
1099 2037 1203 2101 relicti
1218 2036 1257 2100 ad
1278 2036 1424 2117 luporum

299 2141 438 2221 rapinam
454 2140 486 2205 et
499 2138 645 2222 praedam
660 2139 776 2205 diaboli
792 2140 991 2222 proiciantur.
1009 2141 1059 2205 cui
1074 2141 1119 2205 rei
1134 2141 1275 2205 nostrum
1291 2140 1340 2203 est
1353 2156 1425 2203 corr-

298 2243 400 2311 sulere
423 2244 455 2308 et
479 2244 652 2322 subuenire,
680 2242 776 2308 frater
797 2245 965 2323 canusima,
988 2245 1042 2327 qui
1063 2244 1204 2309 diuinam
1223 2243 1450 2307 clementiano

298 2346 469 2431 cogitantes
484 2346 516 2411 et
530 2344 747 2429 gubernandae
763 2345 908 2413 ecclesiae
922 2347 1037 2411 libram
1051 2348 1192 2411 tenentes
1207 2345 1252 2410 sic
1264 2363 1425 2409 censuram

299 2450 417 2533 uigoris
445 2448 657 2531 peccatoribus
683 2448 872 2527 exhibemus,
900 2451 936 2514 ut
962 2452 1067 2515 tamen
1093 2448 1190 2533 lapsis
1218 2447 1376 2531 erigendis
1397 2449 1427 2512 et

299 2552 444 2618 curandis
459 2552 631 2616 uulneratis
645 2552 795 2617 bonitatis
812 2555 843 2618 et
858 2552 1086 2618 misericordiae
1101 2552 1225 2617 diuinm
1237 2550 1423 2615 medicinam

299 2673 359 2720 non
373 2656 569 2738 denegemus.

271 2765 290 2827 2
341 2757 533 2840 Quapropter
558 2756 658 2822 facere
683 2760 716 2822 te
742 2760 864 2841 oportet
888 2758 1085 2839 plenissimas
1110 2758 1234 2823 litteras
1259 2757 1300 2821 ad
1326 2758 1451 2839 coepi-a

300 2878 406 2945 scopos
426 2861 546 2927 umtros
566 2861 598 2925 irr
613 2859 717 2926 Gallie
737 2860 933 2939 constitutos,
954 2860 1091 2926 neultra
1104 2860 1296 2927 Marcianum
1323 2861 1423 2943 perui·

349 3100 436 3170 Epist.
448 3099 576 3155 LXVIII.
594 3130 625 3138 -—
644 3098 746 3169 Incipit
763 3100 797 3154 ad
810 3098 976 3169 Stephanum
993 3098 1025 3153 de
1036 3099 1174 3153 Marciano
1189 3099 1339 3153 arelatense
1352 3098 1424 3168 (add.

256 3192 261 3203 '
299 3188 361 3243 OZ:
373 3188 420 3255 qui
431 3186 490 3254 (qui
501 3196 530 3239 et
542 3185 575 3253 C)
586 3185 736 3239 haereticos
753 3185 856 3254 recepit
867 3186 979 3254 (recepit
995 3185 1112 3239 feliciter
1130 3185 1163 3254 0)
1179 3183 1278 3255 GZiop.
1294 3214 1324 3224 -
1338 3185 1356 3239 3
1368 3185 1424 3252 lug·

298 3273 369 3328 duno
385 3273 452 3343 coep
568 3271 653 3325 frater
664 3271 802 3326 camseime
814 3288 865 3325 ma
883 3271 910 3325 V
1025 3270 1131 3326 4rrobis
1143 3271 1227 3325 etiam
1238 3287 1263 3335 o,
1276 3270 1355 3324 uobis
1372 3270 1397 3325 V

298 3360 316 3413 6
327 3360 419 3414 eadem
431 3358 521 3429 antip
642 3358 759 3412 arelatae
772 3372 796 3420 c,
808 3358 909 3411 arelato
922 3356 950 3411 Z
1070 3358 1086 3409 7
1099 3358 1135 3427 se]
1149 3372 1205 3410 sese
1216 3372 1249 3411 ou
1367 3372 1423 3410 corr·

298 3445 423 3515 iunxerit]
436 3443 636 3498 communicarit
648 3443 675 3496 Z
809 3442 936 3512 cantate]
949 3442 1055 3497 umtate
1068 3443 1109 3498 Za
1246 3443 1263 3497 8
1275 3443 1313 3513 ct]
1326 3445 1359 3496 ut
1371 3442 1396 3495 Z

298 3531 483 3587 sacerdotieO
615 3530 820 3588 confessioneO
954 3529 1094 3584 dicesserit
1105 3530 1137 3594 Z,
1151 3545 1202 3584 orn.
1219 3529 1307 3601 G'oa'p,
1324 3528 1422 3583 disiun-

299 3618 369 3672 xerit
384 3617 419 3672 0²
432 3618 561 3687 tremore.
700 3616 902 3686 9prauitatcm]
916 3616 979 3672 add.
994 3617 1052 3689 top:
1066 3615 1392 3670 sediuiseriteumabeo

299 3704 340 3775 ut]
353 3706 381 3757 et
396 3704 420 3759 0
503 3706 535 3756 ut
549 3743 589 3756 ...
602 3702 802 3772 paenitentibus
815 3706 843 3756 et
855 3719 904 3757 orn.
918 3703 962 3774 c'op
1057 3701 1313 3771 romaricensibus]
1326 3700 1421 3755 iacien-

297 3791 372 3845 tibus
384 3807 446 3858 αφ.
463 3790 486 3846 0
617 3787 678 3857 td]
690 3804 721 3841 eo
733 3787 886 3843 dolentibus
902 3788 926 3844 0
1044 3790 1072 3841 et
1084 3786 1126 3856 ad]
1141 3804 1172 3843 ac
1184 3803 1220 3843 ee
1231 3787 1266 3841 ad
1282 3786 1312 3849 0,
1325 3789 1353 3839 et
1368 3784 1393 3839 V

299 3876 333 3929 12
346 3875 505 3929 claudantur
516 3873 587 3927 Zo²o
705 3872 829 3943 fouenda]
843 3875 871 3927 et
882 3872 998 3928 curanda
1010 3872 1074 3927 add.
1089 3873 1116 3927 Z
1234 3872 1269 3927 13
1280 3871 1419 3927 commuui-

299 3961 404 4015 catione
414 3964 508 4013 nostre
520 3959 547 4014 Z
676 3959 710 4013 14
721 3958 858 4029 praedam]
871 3957 993 4028 rapinam
1006 3960 1033 4013 Z
1161 3959 1214 4029 cui]
1228 3957 1299 4028 quod
1310 3958 1353 4012 cui
1365 3957 1391 4011 Z

299 4045 334 4099 15
345 4045 442 4099 fratros
453 4029 549 4099 kfflz
621 4046 654 4100 16
665 4044 865 4113 gubernandam
875 4046 904 4099 io
978 4044 1010 4098 17
1023 4044 1163 4114 uigoribus
1179 4044 1214 4100 0¹
1283 4044 1418 4113 poecewri

298 4129 359 4199 bus]
371 4129 540 4198 increpandis
551 4130 616 4186 add.
629 4130 657 4184 Z
784 4130 921 4200 exigendis
934 4150 951 4204 p
1083 4128 1299 4199 remediorum]
1312 4128 1417 4183 medica·

299 4215 401 4269 minae
477 4217 512 4270 ab
523 4218 551 4271 te
562 4232 612 4271 om.
624 4218 669 4286 top
744 4221 772 4271 te
785 4219 890 4286 oportet
902 4232 936 4271 ea
948 4217 976 4269 et
988 4232 1018 4271 eo
1030 4215 1174 4286 propterO
1247 4215 1280 4269 21
1292 4214 1374 4284 gallia
1389 4212 1417 4274 V,

299 4300 398 4371 gallias
414 4300 456 4366 0¹,
468 4300 561 4371 galliis
578 4302 673 4372 G'iopo
684 4303 740 4357 aiei
750 4302 823 4371 qaod
836 4302 859 4355 is
871 4318 887 4356 o
898 4302 931 4357 ia
942 4318 997 4357 ree.
1010 4318 1044 4356 m.
1056 4304 1085 4369 2,
1098 4300 1174 4370 galla
1185 4300 1213 4354 Z
