3025 4967
469 409 648 478 Epistulae
666 407 786 462 LXXV.
806 424 826 462 n
846 409 922 462 1-3.
1188 408 1249 473 811

125 563 225 628 simul
251 562 404 641 inuooent,
432 564 485 630 sed
509 565 658 648 separatis
684 565 716 628 et
739 562 849 628 diuisis
875 562 914 628 ab
938 562 1072 627 inuioem
1098 580 1153 626 noo
1179 579 1251 626 oon-
1386 547 1390 554 ’

126 665 279 732 fabulatio
304 666 368 732 iam
392 667 491 750 possit
513 685 579 732 esse
602 668 657 732 aut
681 683 782 732 senno
803 665 984 731 communis.
1010 665 1071 730 nisi
1093 665 1175 747 quod
1196 681 1251 729 nos

125 769 264 852 gratiam
285 768 397 835 referre
412 768 566 853 Stephano
581 769 614 834 in
628 770 689 834 isto
711 787 884 851 possumus,
909 769 990 852 quod
1013 787 1067 850 per
1089 769 1179 833 illius
1200 770 1250 833 in-

125 871 354 936 humanitatem
381 891 463 938 nuno
488 871 631 937 effoetum
658 873 700 936 sit
724 873 763 937 nt
787 872 859 938 fidoi
885 874 916 936 et
938 872 1107 955 sapientiae
1132 872 1253 936 uestrae

101 1002 114 1039 s
128 972 374 1055 experimentum
388 993 574 1058 caperemus.
592 974 646 1040 sed
657 993 717 1040 nou
728 976 813 1039 enim
824 977 852 1040 si
863 993 918 1040 nos
928 977 1052 1058 propter
1061 974 1252 1058 Stephanum

126 1075 206 1140 hano
232 1075 371 1143 beneficii
398 1078 533 1161 gratiam
559 1079 705 1160 cepimus,
732 1078 843 1143 statim
858 1077 1031 1160 Stephanus
1052 1077 1198 1142 benefioio
1221 1077 1254 1140 et

126 1178 231 1260 gratia
251 1179 346 1262 digna
360 1181 525 1246 commisit.
547 1199 646 1264 neque
667 1180 750 1245 enim
765 1183 797 1245 et
812 1181 906 1246 Iudas
920 1181 1049 1264 perfidia
1064 1199 1120 1244 sua
1134 1181 1166 1244 et
1180 1195 1251 1261 pro-

127 1281 246 1346 ditione
261 1301 338 1364 quae
354 1283 499 1349 scelerate
514 1284 595 1349 cirea
610 1284 796 1349 saluatorem
811 1286 954 1368 operatus
965 1285 1012 1349 est
1024 1283 1136 1367 dignus
1151 1283 1252 1347 uideri

126 1384 230 1464 potest
252 1385 340 1466 quasi
361 1405 486 1452 oausam
506 1387 655 1453 bonorum
669 1387 828 1452 tantomm
841 1386 907 1469 ipse
920 1386 1122 1469 praestiterit,
1147 1387 1184 1449 ut
1198 1403 1253 1467 per

89 1485 220 1554 millum
242 1487 376 1552 mundus
394 1491 425 1553 et
440 1489 581 1574 gentium
603 1489 735 1573 populns
758 1490 898 1571 passione
912 1489 1039 1555 Domini
1060 1488 1251 1553 liberaretur.

170 1588 231 1654 Sed
252 1589 327 1655 haeo
345 1591 473 1656 interim
494 1611 572 1674 quae
585 1593 623 1657 ab
640 1591 794 1675 Stephano
814 1593 904 1676 gesta
923 1593 996 1658 sunt
1012 1591 1282 1674 praetereantur,t

126 1709 165 1756 ne
187 1694 263 1758 dum
285 1694 430 1760 audaciae
445 1696 476 1760 et
491 1696 672 1762 insolentiae
691 1696 756 1761 eius
774 1696 983 1773 meminimus,
1005 1694 1044 1760 de
1058 1695 1150 1759 rebus
1163 1693 1202 1757 ab
1218 1711 1253 1759 oo

127 1796 268 1878 improbe
289 1798 387 1881 gestis
407 1799 578 1882 longiorem
599 1799 791 1864 maestitiam
806 1798 894 1864 nohis
910 1798 1089 1864 inferamus.
1111 1795 1253 1861 danobis

128 1900 234 1964 sutem
255 1903 470 1984 oognosoentes
486 1903 567 1983 quod
582 1903 750 1968 seeundum
766 1902 908 1986 regulam
923 1901 1068 1966 ueritatis
1084 1901 1115 1964 et
1130 1899 1253 1982 sapien·
1334 1933 1339 1938 -
1436 1921 1441 1933 ·

90 2031 118 2070 η
128 2003 208 2068 hem
218 2001 333 2067 Christi
349 2004 406 2069 hoo
418 2005 527 2087 dequo
542 2023 623 2070 nuno
637 2005 798 2087 quaeritur
811 2004 1035 2088 disposueritis,
1052 2023 1124 2068 oum
1138 2021 1254 2086 magna

126 2105 251 2172 laetitia
276 2108 485 2173 exultauimus
510 2111 540 2172 et
556 2108 620 2173 Deo
646 2108 765 2192 gratias
789 2108 920 2193 egimus,
947 2108 1000 2190 qui
1023 2107 1198 2172 inuenimus
1220 2106 1254 2170 in

128 2207 280 2273 iratribus
306 2211 372 2275 iam
394 2211 486 2295 longo
507 2210 616 2292 positis
638 2211 759 2275 tentam
780 2211 941 2276 nobiseum
963 2209 1036 2274 fidei
1060 2211 1091 2274 ot
1110 2208 1254 2274 ueritatis

129 2312 377 2378 unanimitatem.
393 2316 502 2395 potens
518 2316 566 2378 est
580 2313 663 2379 enim
678 2315 783 2398 gratia
795 2313 851 2378 Dei
868 2311 1012 2396 oopulare
1026 2314 1059 2377 ot
1069 2312 1255 2394 coniungere

128 2415 272 2480 caritatis
294 2416 386 2498 atque
406 2417 539 2482 unitatis
559 2416 683 2482 uinoulo
703 2418 798 2481 etiam
812 2435 849 2480 ea
863 2434 941 2498 quae
955 2416 1102 2480 uidentur
1116 2414 1255 2498 longiore

95 2519 286 2584 anterranum
309 2519 408 2601 spatio
431 2539 497 2585 esso
519 2519 629 2598 diuisa
653 2521 823 2584 seeundum
844 2519 926 2602 quod
941 2522 973 2584 et
988 2519 1064 2584 olim
1088 2517 1253 2583 interuallo

129 2621 305 2701 temporum
322 2623 479 2702 separatos
491 2622 530 2687 ab
542 2622 597 2688 Iob
610 2624 641 2688 et
652 2623 718 2687 Noe
732 2623 786 2705 qui
801 2623 833 2688 in
848 2622 959 2706 primis
974 2622 1097 2686 fueram
1106 2620 1253 2686 Ezechie-

129 2723 194 2788 lem
214 2726 246 2788 et
267 2723 430 2790 Danielem
456 2726 638 2807 posteriores
664 2728 769 2791 aetate
792 2725 832 2791 ad
852 2724 1071 2790 unanimitatis
1092 2724 1254 2796 uinoulum

128 2825 231 2890 uirtus
243 2825 351 2892 diuina
361 2827 527 2906 coniunxit,
545 2865 575 2896 s*
586 2829 639 2894 sed
654 2829 798 2911 quemuis
813 2830 1003 2911 temporibus
1014 2828 1116 2911 longis
1128 2827 1254 2893 disereti

130 2930 243 3005 essent,
265 2929 372 2996 eadem
386 2932 492 2996 tamen
507 2931 614 2996 diuina
628 2932 830 3013 inspiratione
845 2931 1007 2996 sentirent.
1030 2930 1111 3012 quod
1127 2932 1158 2994 et
1173 2947 1254 2994 nimo

91 3059 119 3099 rs
130 3031 165 3095 in
180 3031 269 3096 uobis
291 3032 579 3111 animaduertimus,
600 3035 704 3116 utqui
726 3034 918 3118 longissimis
939 3033 1117 3118 regionibus
1132 3032 1253 3096 anobis

129 3135 266 3217 separati
281 3136 357 3202 estis
372 3155 464 3201 sensu
478 3139 583 3201 tamen
595 3138 626 3201 et
638 3138 751 3219 spiritu
767 3137 925 3220 copulatos
941 3157 996 3202 uos
1012 3155 1078 3202 esse
1093 3136 1253 3200 nobiseum

129 3237 311 3320 probaretis.
326 3239 408 3320 quod
423 3240 525 3304 totum
540 3239 598 3303 hoo
611 3239 648 3302 fit
664 3238 771 3304 diuina
786 3240 916 3304 unitate.
932 3259 1006 3304 nam
1019 3259 1089 3304 oum
1102 3240 1256 3303 Dominus

129 3359 211 3406 unus
234 3341 328 3422 etque
351 3341 435 3406 idem
456 3341 499 3406 sit
520 3342 573 3424 qui
594 3341 717 3406 habitat
737 3343 770 3407 in
785 3342 883 3420 nobis,
910 3343 1072 3426 coniungit
1095 3343 1209 3424 ubique
1225 3344 1257 3406 et

183 3545 199 3598 1
212 3543 251 3614 et]
264 3559 323 3598 aoo
398 3544 630 3617 oumiabulatioQ
703 3547 901 3616 3possulamus
913 3547 949 3600 M
956 3547 961 3576 ¹
973 3548 1122 3615 (possumus
1134 3544 1222 3616 M‘Q)

131 3629 294 3698 6ooepimus
307 3629 362 3684 ΙΜ
373 3631 501 3700 (cepimus
517 3631 550 3701 Q)
676 3633 807 3704 lgratia·
823 3632 845 3704 Q
858 3632 972 3703 (gratiae
983 3632 1030 3702 M)
1149 3632 1256 3702 Squae]

131 3729 212 3784 quae
321 3716 354 3769 10
366 3717 515 3785 passionem
531 3717 554 3787 Q
661 3719 783 3788 passione
794 3719 896 3774 domini
907 3735 957 3773 om.
972 3718 1007 3774 Io
1115 3719 1149 3772 14
1160 3735 1257 3788 eogno-

131 3803 222 3856 soeute
238 3800 261 3871 Q
363 3803 563 3873 mauriense
660 3821 760 3875 magna
771 3821 858 3859 cumo
961 3804 994 3858 16
1006 3803 1185 3858 exultabimus
1201 3804 1224 3874 Q

131 3887 187 3956 qui]
200 3887 265 3956 quia
278 3888 329 3943 Iov
460 3889 491 3942 17
503 3889 605 3956 positos
616 3889 652 3944 Μ
656 3894 663 3920 ¹
677 3891 784 3959 (positis
795 3891 834 3946 Μ
834 3895 845 3924 ²
853 3890 886 3960 Q)
1013 3889 1110 3959 positis
1124 3890 1133 3960 {l
1147 3889 1259 3958 explicit

130 3974 247 4044 epistola
259 3973 412 4028 Firmiliani
428 3973 462 4028 ed
472 3957 530 4030 soni
542 3974 731 4043 Cypriaunmo
843 3975 1175 4038 murmurmurmur
1190 3973 1222 4044 Q)

129 4059 319 4114 hiezechielem
331 4059 381 4114 EI
495 4059 529 4113 22
541 4059 696 4114 danihelem
710 4059 734 4130 Q
853 4062 888 4115 23
900 4060 946 4115 sed
958 4060 1020 4130 EQ,
1033 4059 1079 4114 sed
1090 4077 1176 4128 super
1187 4064 1219 4113 ut
1231 4060 1258 4123 I,

130 4149 163 4200 ut
179 4163 211 4214 o,·
232 4147 364 4200 laminam
383 4146 510 4201 indicaui
663 4147 697 4202 25
714 4147 873 4216 longisimes
889 4146 924 4216 ρ’
941 4146 1121 4216 (longissimis
1133 4143 1171 4199 Μ
1173 4145 1223 4215 0²)

129 4232 288 4301 26me
435 4232 558 4301 copulato
570 4233 777 4302 M¹(oopulntos
786 4231 876 4302 Μ’ρ)
1021 4232 1054 4286 27
1067 4231 1218 4300 probaretis
1231 4231 1263 4284 Ε

132 4316 233 4372 baretis
245 4319 277 4372 in
289 4334 344 4372 ras.
