3025 4967
277 358 341 423 824
677 358 823 413 Caecilii
840 358 1001 428 Cypriani

277 511 426 578 biberit
454 513 616 580 calicem
639 514 795 582 Domini
816 515 993 601 indigna,
1021 537 1108 584 rans
1129 518 1205 583 erit
1226 519 1404 600 corporis

278 619 316 681 at
337 617 544 701 sanguinis
566 617 730 684 Domini.

225 729 267 790 22
319 719 384 784 Noe
399 720 495 786 otiam
509 720 582 786 illos
597 739 672 804 quos
688 721 721 786 hi
737 722 792 804 qui
806 722 893 804 prins
907 723 942 787 in
956 723 1085 788 acolasia
1099 723 1252 789 catholica
1265 725 1403 808 episcopi

277 821 400 888 inerant
414 825 446 887 at
460 824 658 906 postmodum
678 825 741 890 sibi
761 827 951 907 potestatam
972 826 1103 892 clericae
1122 827 1324 898 ordinationis
1344 829 1404 894 ad·

277 927 433 991 sumentes
447 927 682 1010 baptinauerant
695 948 751 1012 pro
762 947 823 994 non
834 929 1001 1012 baptizatis
1014 929 1169 996 habendos
1182 930 1426 996 iudicauimus·

276 1030 308 1093 at
322 1027 379 1094 boo
401 1028 484 1112 apud
504 1047 559 1095 nos
579 1030 771 1115 obseruator,
793 1033 830 1098 ut
845 1033 1032 1114 quicumque
1046 1032 1085 1096 ab
1100 1032 1164 1097 illis
1184 1033 1277 1098 tincti
1291 1032 1332 1098 ad
1345 1050 1404 1098 nos

276 1131 407 1196 ueniunt
420 1134 582 1215 tamquam
596 1133 689 1200 ebeni
705 1137 737 1200 at
752 1134 832 1200 nibil
847 1135 1004 1202 consecuti
1018 1135 1109 1202 unico
1124 1137 1156 1202 at
1165 1153 1239 1201 uaro
1253 1135 1403 1202 aeclesiae

276 1234 446 1301 catholicae
474 1237 632 1319 baptismo
661 1237 742 1319 apud
769 1255 825 1304 nos
850 1239 1055 1321 baptizantur,
1086 1240 1122 1303 ut
1146 1238 1263 1304 lauacri
1292 1239 1403 1304 nitelis

275 1339 536 1423 regenerationem
563 1343 799 1424 consequantur.
825 1345 858 1407 at
880 1343 985 1408 tamon
1010 1342 1148 1407 multum
1168 1342 1297 1408 interest
1319 1343 1404 1408 inter

277 1461 348 1506 aum
368 1441 421 1523 qui
437 1441 555 1508 inuitus
571 1443 603 1509 at
616 1444 800 1510 necessitate
814 1445 1037 1528 persecutionis
1052 1446 1174 1512 coactus
1188 1445 1355 1511 succubuit
1368 1446 1439 1510 atr·

276 1543 370 1610 illum
381 1545 435 1627 qui
451 1545 601 1630 sacrilege
615 1547 778 1612 uoluntate
792 1546 893 1612 audax
907 1551 1014 1614 eontra
1028 1548 1190 1614 aeclesiam
1203 1547 1336 1614 neballat
1349 1548 1403 1614 nal

277 1646 310 1712 in
331 1646 459 1712 Patrem
484 1650 516 1714 ot
529 1649 630 1715 Deum
646 1648 763 1715 Christi
786 1652 818 1717 at
837 1651 936 1717 totius
957 1651 1066 1717 mundi
1092 1652 1281 1718 conditorem
1303 1651 1405 1734 impia

277 1768 351 1816 noca
371 1750 575 1833 blasphemat.
598 1755 630 1818 et
643 1771 704 1818 non
725 1753 822 1836 pudet
836 1751 1028 1836 Stephanum
1047 1754 1105 1820 boc
1125 1753 1275 1832 adserere,
1295 1756 1335 1819 nt
1348 1772 1404 1838 par

276 1871 337 1933 eos,
352 1850 428 1942 [qui]
444 1873 515 1919 oum
528 1855 588 1938 ipsi
600 1855 632 1920 in
644 1855 788 1921 omnibus
798 1857 933 1939 peccatis
947 1857 1012 1921 sint
1027 1857 1198 1936 constituti,
1214 1857 1300 1923 <licat
1312 1875 1404 1939 posse

276 1957 489 2024 remissionem
508 1960 704 2041 peccatorum
727 1960 805 2038 dari,
828 1960 917 2042 qnasi
937 1960 1037 2043 possit
1057 1978 1122 2027 essa
1135 1961 1169 2026 in
1184 1961 1275 2026 domo
1289 1960 1436 2025 mortiers

192 2079 193 2082 ¹
276 2059 437 2126 laneorum
453 2061 574 2128 salutis.

225 2171 266 2234 22
319 2161 381 2228 Vbi
401 2182 474 2248 ergo
489 2165 549 2230 erit
564 2165 644 2249 quod
660 2165 810 2247 scriptum
826 2166 889 2230 est:
911 2165 956 2232 ab
978 2185 1076 2249 aqna
1096 2166 1225 2232 aliana
1246 2165 1405 2232 abstine

276 2267 315 2332 ta
335 2268 373 2332 at
395 2287 414 2332 a
435 2266 542 2334 fonte
564 2268 695 2334 alieno
717 2287 762 2333 na
782 2269 949 2348 bibaris,
971 2271 999 2335 si
1016 2270 1124 2336 reflato
1145 2269 1293 2336 aulana
1314 2269 1404 2335 sonte

277 2370 399 2456 signato
424 2371 558 2438 elianam
584 2390 696 2455 aquam
719 2389 774 2456 pro
797 2373 853 2438 tua
878 2373 1027 2455 suscipies
1052 2374 1084 2438 at
1104 2372 1240 2455 profanis
1262 2370 1405 2437 lontibus

277 2474 437 2540 ecelesiam
462 2475 599 2556 polluis?
625 2475 747 2557 quando
775 2475 857 2541 enim
883 2474 1038 2559 baptismo
1063 2475 1290 2542 baereticorum
1313 2491 1435 2540 corn-n

276 2577 426 2656 municas,
448 2577 523 2659 quid
544 2579 631 2644 aliud
651 2598 745 2661 quam
762 2578 800 2643 da
814 2579 961 2664 uoragine
976 2581 1009 2645 at
1023 2597 1115 2645 caeno
1129 2580 1257 2644 illorum
1271 2577 1357 2644 bibis
1371 2578 1406 2643 et

275 2679 341 2761 ipsa
363 2679 509 2746 eoolasiaa
532 2680 777 2747 sanctificatione
800 2683 951 2767 purgatus
975 2682 1148 2748 alienarum
1167 2683 1306 2748 sordium
1328 2701 1405 2748 oon·

274 2783 412 2848 tactibus
434 2783 628 2867 inquinaris?
655 2803 711 2850 neo
732 2785 848 2850 metuis
870 2785 1022 2851 iudicium
1043 2785 1103 2851 Dei
1123 2785 1288 2852 haereticis
1309 2785 1406 2850 taeti-

275 2885 415 2951 monium
437 2890 543 2953 eontra
563 2887 725 2954 ecelesiam
749 2888 922 2971 perhibens,
944 2908 1016 2954 oum
1030 2889 1182 2971 seriptum
1195 2888 1253 2952 sit:
1276 2888 1405 2954 falsus

275 2991 394 3056 tastis
406 3007 477 3056 non
492 2991 570 3057 erit
583 2991 813 3074 inpunitus?
828 2991 903 3074 quin
916 2992 1014 3057 immo
1029 2993 1067 3057 tn
1077 2990 1241 3057 haereticis
1254 2990 1437 3059 omnibusne

275 3093 416 3175 peiores.
442 3112 515 3158 nam
535 3113 606 3160 cum
627 3094 698 3158 inda
718 3093 814 3160 multi
835 3094 960 3179 cognito
980 3111 1082 3160 errore
1102 3111 1158 3160 suo
1172 3093 1212 3160 ad
1225 3095 1259 3159 te
1272 3094 1406 3160 ueniant

275 3197 313 3262 ut
333 3196 479 3263 acclesiae
500 3215 608 3262 uarum
629 3196 734 3262 lumen
756 3197 920 3281 accipiant,
941 3199 978 3263 tn
998 3197 1193 3263 uenientium
1213 3214 1331 3263 errores
1346 3197 1405 3263 ad·

274 3300 365 3364 inune
380 3301 410 3366 at
426 3300 587 3366 obscurato
603 3299 722 3364 lumine
737 3300 962 3366 ecclesiasticae
977 3299 1122 3366 ueritatis
1137 3299 1278 3367 tenebras
1292 3299 1404 3365 haere-

275 3403 354 3468 ticae
373 3403 472 3470 noctis
493 3401 684 3481 adcumulas,
707 3420 837 3484 cumque
858 3420 891 3468 sa
913 3403 963 3468 illi
978 3401 1162 3486 inpeccatis
1183 3420 1250 3468 assa
1269 3403 1303 3467 at
1317 3401 1403 3466 nihil

275 3507 393 3590 grabes
413 3504 526 3571 babere
541 3525 574 3571 sa
588 3524 625 3571 ae
639 3506 800 3588 propterea
813 3505 854 3570 ael
868 3505 1030 3572 aeclesiam
1049 3505 1155 3571 nanim
1175 3504 1342 3583 fateantur,
1364 3507 1437 3576 tu»

275 3609 320 3676 ais
341 3611 554 3676 remissionem
573 3610 770 3694 peccatorum
789 3609 948 3675 subtrahis
968 3627 1047 3692 quaa
1066 3608 1099 3673 in
1120 3608 1276 3690 baptismo
1297 3606 1404 3685 (latur,

379 3825 410 3878 1‘l
429 3823 507 3880 Prou.
525 3824 550 3890 9,
569 3823 609 3880 18.
679 3824 715 3878 24
732 3823 811 3877 Prou.
830 3822 871 3888 19,
890 3821 915 3875 5.

326 4019 344 4074 3
358 4035 423 4088 quos
434 4038 484 4077 em.
497 4021 534 4077 M
536 4027 542 4056 ¹
560 4022 632 4089 (eale
645 4021 732 4091 M‘Q)
809 4020 892 4076 subi
903 4021 1068 4090 potestatam
1079 4016 1134 4101 sibi
1145 4015 1176 4069 Ε
1250 4015 1401 4072 bbabenrlo

277 4105 349 4176 MQ¹
456 4106 772 4178 anomoeusion
883 4106 918 4161 14
929 4102 1086 4160 cnmoaaI
1186 4101 1363 4173 ‹licantlllQ¹

278 4193 310 4246 ll
323 4193 430 4248 abstine
440 4195 479 4263 te]
493 4194 627 4248 abstinete
639 4193 670 4248 E
811 4193 844 4246 19
856 4208 926 4262 aqna
939 4192 972 4247 M
986 4193 1093 4258 (aquam
1109 4186 1142 4257 Q)
1287 4189 1402 4258 suscipis

280 4277 377 4346 Q'Elo
462 4279 495 4334 21
508 4277 801 4344 imbibisLinibisE,
814 4277 892 4332 niuea
903 4277 946 4341 Μ,
959 4275 1031 4330 uiuis
1046 4274 1080 4346 Q·
1174 4274 1312 4330 29inom.
1325 4273 1397 4344 ΜΨ
