3025 4967
317 419 379 485 758
715 417 861 472 Caecilii
879 416 1038 487 Cypriani

285 575 306 636 9
358 574 469 656 Adque
489 574 525 637 ut
545 573 646 657 magis
677 573 818 656 intellegi
840 574 943 655 pessel
969 574 1075 637 centra
1101 572 1251 637 eiusmodi
1277 572 1431 637 eudociam
1503 642 1504 653 ¹

314 695 393 756 quae
419 676 462 740 eit
486 694 612 740 censure
633 676 749 753 diuina,
773 676 948 741 inuenimus
969 676 1002 739 in
1023 676 1080 739 tali
1101 676 1235 739 facinore
1255 695 1316 741 nen
1336 675 1430 741 selum

314 779 406 843 duces
431 782 463 843 et
483 782 623 845 auctores
648 780 755 845 sedet
776 779 940 862 participes
965 779 1071 861 poenis
1096 778 1262 855 destinari,
1284 778 1345 841 nisi
1365 796 1430 843 sea

316 883 530 946 communione
555 883 710 947 malorum
735 882 967 963 emarcuerint,
994 882 1202 964 praecipiente
1230 900 1285 962 per
1309 880 1429 964 Meysen

312 985 445 1049 Domino
475 987 507 1049 et
534 985 669 1049 dicente:
703 984 939 1066 separemini
968 1002 986 1048 a
1014 983 1281 1049 tabernaculis
1314 983 1446 1047 hemi-e

312 1108 399 1153 num
430 1089 598 1153 istorum
632 1088 935 1152 durissimorum
968 1088 1004 1151 et
1036 1088 1162 1151 nolite
1196 1088 1359 1169 tangere
1387 1086 1427 1151 ab

312 1190 488 1256 omnibus
519 1209 615 1272 quae
643 1192 735 1255 sunt
764 1192 834 1268 eis,
869 1208 912 1255 ne
940 1190 1063 1255 simul
1092 1190 1265 1271 pereatis
1292 1190 1332 1253 in
1353 1207 1430 1271 pec·

313 1296 400 1358 cate
423 1310 561 1357 oerum.
583 1296 615 1358 et
636 1294 718 1374 qued
741 1294 946 1357 comminatus
969 1312 1024 1376 per
1045 1292 1174 1375 Meysen
1204 1292 1356 1356 Dominus
1383 1291 1429 1357 iu·

315 1397 382 1461 erat
396 1396 551 1478 impleuit,
575 1397 755 1478 utquisque
771 1415 802 1459 se
818 1416 836 1461 a
851 1394 928 1460 Cere
942 1398 974 1460 et
988 1396 1113 1461 Dethan
1128 1397 1160 1459 et
1174 1393 1293 1459 Abiron
1308 1412 1371 1459 non
1385 1412 1429 1459 ss-

312 1502 450 1582 perasset
470 1516 581 1581 peenas
602 1500 711 1563 statim
735 1517 791 1581 pro
813 1499 910 1580 impia
931 1499 1145 1563 communione
1159 1498 1357 1579 persolueret.
1374 1516 1459 1579 quen

313 1602 451 1683 exemplo
467 1602 645 1666 ostenditur
657 1604 690 1665 et
705 1604 853 1683 probatur
868 1602 1012 1667 ebnoxios
1027 1620 1132 1667 omnes
1148 1603 1179 1665 et
1193 1601 1301 1682 culpae
1316 1602 1349 1664 et
1362 1619 1430 1682 pee-

311 1724 369 1769 nas
384 1704 505 1769 futuros
520 1706 574 1787 qui
590 1724 623 1769 se
638 1705 845 1769 schismaticis
869 1707 975 1769 centra
996 1706 1186 1787 praepositos
1211 1706 1243 1770 et
1262 1702 1431 1769 sacerdotes

310 1806 490 1891 inreligiosa
503 1808 680 1873 temeritate
701 1809 904 1875 miscuerunt.
928 1808 1010 1873 sicut
1028 1808 1125 1872 etiem
1142 1826 1195 1888 per
1210 1805 1288 1873 Osee
1303 1808 1430 1890 prophe·

311 1914 379 1975 tem
394 1912 524 1994 spiritns
539 1913 665 1977 sanctus
687 1914 880 1976 contestatur
902 1912 934 1975 et
955 1912 1051 1975 dicit:
1074 1910 1284 1977 sacrificia
1306 1928 1431 1975 eorum

310 2016 506 2096 tamquam
541 2015 652 2097 panis
691 2015 836 2093 luctus,
875 2032 1004 2079 omnes
1037 2015 1101 2095 qui
1134 2014 1365 2077 manducant
1396 2032 1461 2077 cac

312 2118 696 2195 contaminabuntur,
723 2119 834 2183 docens
846 2118 965 2182 scilicet
977 2120 1008 2182 et
1021 2118 1183 2181 ostendens
1195 2117 1433 2181 omnesomnine

312 2240 383 2285 cum
409 2220 584 2285 aucteritas
613 2220 764 2303 supplicio
791 2221 935 2309 coniungi
964 2220 1017 2302 qui
1039 2218 1154 2283 luerint
1175 2236 1280 2284 eorum
1307 2221 1430 2301 peccato

310 2323 522 2387 contaminati.

261 2426 300 2490 le
354 2423 436 2503 Quae
460 2443 531 2509 erge
552 2426 634 2509 apud
656 2443 706 2490 eos
726 2426 840 2491 merita
863 2444 929 2491 esse
949 2426 1029 2489 circe
1042 2424 1144 2489 Deum
1166 2425 1295 2506 pessunt
1316 2424 1428 2505 quibus

310 2527 462 2608 supplicia
485 2527 636 2593 diuinitus
657 2529 861 2613 inrogantur?
882 2530 936 2593 aut
951 2528 1103 2611 quomode
1118 2529 1196 2593 tales
1211 2527 1382 2591 iustificare
1396 2532 1426 2593 et
1435 2550 1458 2588 re

310 2628 502 2694 candificare
522 2630 695 2713 baptizatos
715 2632 845 2713 pessunt
865 2631 919 2713 qui
942 2631 1045 2696 hostes
1066 2632 1259 2697 sacerdotum
1284 2630 1387 2695 ahena
1402 2632 1430 2695 et

309 2731 431 2797 inlicite
457 2734 489 2797 et
511 2734 598 2797 nulle
625 2734 685 2798 sibi
710 2736 777 2799 iure
808 2751 949 2801 concesse
978 2752 1125 2816 usurpare
1154 2736 1327 2799 cenentur?
1359 2752 1430 2817 ques

308 2836 414 2899 tamen
428 2835 512 2917 ipsos
526 2853 587 2900 non
602 2839 753 2901 miremur
768 2854 823 2920 pre
839 2856 895 2901 sue
910 2838 1065 2920 prauitete
1081 2838 1270 2902 contendere.
1285 2838 1427 2904 adserant

310 2955 432 3002 necesse
456 2940 504 3003 est
518 2939 634 3023 singuli
650 2940 763 3022 quique
786 2940 867 3022 quod
888 2940 1013 3018 iaciant,
1037 2958 1091 3003 nec
1112 2937 1221 3003 uolunt
1241 2938 1321 3003 uicti
1343 2939 1430 3004 facile

409 3125 523 3179 silum.
543 3127 584 3191 16,
602 3127 645 3183 26.
718 3127 750 3179 14
768 3124 811 3179 Os.
831 3128 855 3190 9,
874 3126 900 3179 4.

359 3295 373 3347 1
387 3296 428 3363 nt]
442 3312 493 3363 qne
510 3297 563 3351 Oa.
578 3296 594 3350 l
727 3296 876 3367 audaciam]
891 3297 976 3350 aciem
991 3296 1017 3359 S,
1031 3296 1168 3350 licentiam
1181 3297 1209 3347 et
1220 3295 1361 3350 audaciam
1376 3296 1399 3364 Q

306 3380 493 3435 2facineraL
583 3382 761 3449 sperone
849 3381 979 3437 maseuli
1075 3364 1204 3451 ddan
1291 3380 1400 3437 aomS

305 3466 323 3520 6
335 3465 536 3520 durmsrmerum
548 3467 697 3523 istorumC
747 3469 763 3521 7
777 3467 917 3522 homnibus
934 3468 963 3531 O,
975 3466 1129 3521 homnibus
1143 3466 1165 3519 S
1214 3468 1332 3535 peccetis
1348 3466 1401 3523 CV

305 3552 322 3605 8
335 3553 524 3635 comminatum
538 3552 561 3609 S
694 3555 874 3625 liquisqnisc
1008 3553 1084 3607 coreb
1098 3552 1119 3607 S
1249 3551 1361 3605 datham
1376 3552 1399 3605 S

307 3637 341 3691 10
351 3640 381 3691 et
390 3654 488 3707 peenas
501 3640 524 3693 S
673 3641 769 3709 impia]
782 3640 964 3695 coniuratione
976 3641 1004 3692 et
1016 3638 1081 3693 ccc.
1098 3638 1121 3693 0
1272 3638 1344 3706 qued
1358 3639 1392 3692 0¹

307 3723 478 3779 ricensis
613 3728 753 3794 omnies]
767 3713 800 3781 ui
814 3712 947 3781 secie„
958 3740 1013 3779 rac
1161 3724 1194 3776 12
1207 3724 1389 3791 praepositum
1404 3724 1431 3775 e

305 3809 467 3863 sacerdotem
478 3808 562 3865 deiO
702 3812 886 3867 lamisonem
902 3812 931 3875 0,
944 3810 1127 3865 miscuerinto
1259 3808 1400 3878 profetaS

306 3895 340 3948 14
351 3897 459 3949 sanctum
470 3912 521 3949 oen
536 3895 558 3949 S
644 3896 717 3951 dieat
728 3898 766 3951 Μ
776 3898 855 3965 (dicit
871 3898 904 3966 Q)
1003 3896 1036 3950 15
1048 3895 1088 3964 ca]
1101 3910 1132 3949 ea
1143 3895 1235 3950 nenO
1326 3897 1359 3951 16
1370 3910 1431 3948 ceu·

304 3978 475 4044 commacu,
488 3997 548 4047 exp
561 3984 627 4035 Μ
729 3998 821 4035 onmes
833 3998 882 4036 oea.
897 3984 921 4037 S
1026 3982 1058 4035 17
1073 3966 1209 4049 coniungi]
1222 3980 1356 4049 conpungi
1372 3981 1396 4035 0

304 4064 414 4119 fuerunt
431 4066 462 4120 0¹
602 4067 704 4136 eornm]
720 4068 839 4121 omnium
853 4068 876 4123 S
1011 4066 1046 4121 20
1057 4065 1185 4135 quemodo
1197 4081 1233 4119 cc
1245 4082 1264 4133 q
1274 4065 1354 4119 hemo
1371 4064 1397 4120 G

303 4153 332 4204 et
342 4150 509 4205 sanctificare
520 4168 570 4206 om.
587 4151 613 4206 V
687 4153 721 4207 21
733 4153 824 4207 hostes
837 4170 896 4222 cup.
910 4154 945 4219 L,
956 4153 1060 4207 hestiae
1076 4151 1152 4207 Oia.
1165 4150 1183 4204 l.
1254 4154 1282 4205 et
1293 4150 1380 4205 aliena
1392 4148 1430 4203 Μ

303 4236 402 4305 (aliene
416 4235 449 4306 Q)
527 4239 560 4291 22
572 4239 632 4292 iura
645 4239 672 4291 P
746 4239 780 4292 23
793 4238 1012 4309 adserant1enim
1023 4236 1089 4293 cco
1106 4235 1171 4291 qu
1239 4237 1274 4291 24
1285 4236 1384 4291 saciant
1398 4232 1427 4295 S,

302 4321 407 4375 faciunt
423 4323 555 4392 CLPQV
