3025 4967
337 377 421 427 CXVI

337 610 379 676 29
401 608 570 693 Cyprianus
584 608 773 691 presbyteris
789 608 821 675 et
835 608 1028 673 diaconibus:
1043 606 1091 673 Ne
1106 608 1180 691 quid
1196 608 1350 675 conscien·
1396 528 1465 581 W·

480 720 560 785 tiam
601 770 608 783 .
654 769 661 781 .
699 746 708 753 ·
706 768 1352 785 .............
1397 718 1466 785 547

336 831 380 897 30
400 830 576 913 Presbyteri
591 830 623 895 et
637 829 757 895 diaconi
764 830 878 895 Romae
885 828 1051 914 Cypriane:
1064 828 1258 913 Quamquam
1274 830 1351 896 bene
1396 830 1466 895 549

336 942 376 1008 31
399 942 521 1026 Moyses
537 943 569 1006 et
583 942 738 1027 Maximus
757 993 763 1005 .
779 992 806 1005 ..
825 941 990 1026 Cypriane:
1007 942 1093 1007 Inter
1107 942 1245 1008 uarios.
1290 990 1297 1006 .
1342 990 1350 1007 .
1397 940 1465 1007 557

335 1054 379 1120 32
401 1052 571 1137 Cyprianus
584 1054 772 1137 presbyteris
788 1054 819 1117 et
833 1052 1028 1119 diaconibus:
1045 1048 1159 1133 Quales
1173 1053 1296 1119 litteras
1343 1100 1352 1117 .
1397 1051 1466 1118 565

336 1165 379 1231 33
401 1163 585 1249 (Cyprianus
600 1162 727 1249 lapsis):
743 1164 896 1230 Dominus
910 1165 1014 1230 noster
1023 1212 1351 1230 .......
1397 1162 1466 1229 566

335 1277 378 1343 34
400 1275 570 1360 Cyprianus
584 1276 771 1359 presbyteris
786 1278 817 1341 et
832 1276 1026 1341 diaconibus:
1043 1275 1170 1360 Integre
1237 1324 1243 1339 .
1290 1324 1298 1339 .
1343 1324 1350 1338 .
1397 1274 1464 1341 568

336 1389 379 1455 35
400 1387 572 1471 Cyprianus
586 1387 774 1471 presbyteris
789 1388 821 1451 et
835 1386 1014 1452 diaconibus
1024 1388 1155 1452 Romae:
1171 1386 1213 1451 Et
1227 1385 1352 1451 dilectio
1398 1386 1462 1451 571

195 1568 199 1575 ,
335 1500 378 1566 36
401 1500 579 1583 Presbyteri
587 1500 766 1565 etdiacones
775 1500 891 1563 Romae
901 1497 1067 1582 Cypriane:
1081 1497 1158 1564 Cum
1170 1498 1352 1583 perlegisse-

480 1631 550 1676 mus
603 1658 1140 1675 ...........
1175 1660 1192 1673 ..
1238 1659 1245 1674 .
1291 1660 1297 1673 .
1342 1656 1351 1673 .
1398 1609 1464 1674 572

335 1722 376 1787 37
400 1721 568 1805 Cyprianus
582 1720 684 1805 Moysi
699 1722 731 1786 et
745 1720 897 1786 Maximo:
912 1722 953 1785 ut
968 1722 1094 1786 cunctos
1129 1768 1351 1785 .....
1398 1719 1463 1785 576

335 1835 378 1899 38
400 1832 571 1917 Cyprianus
587 1833 775 1917 presbyteris
791 1835 823 1898 et
836 1832 1031 1898 diaconibus:
1055 1832 1094 1897 ln
1110 1830 1352 1897 ordinationibus

377 2022 380 2026 ἱ
479 1945 599 2011 clericis
652 1992 1347 2010 ..............
1395 1942 1460 2008 579

335 2056 378 2122 39
401 2054 569 2139 Cyprianus
584 2056 772 2139 presbyteria
788 2058 819 2121 et
834 2056 985 2122 diaconis:
1000 2056 1204 2141 Agnoscenda
1235 2104 1243 2119 .
1289 2107 1296 2120 .
1341 2103 1349 2119 .
1396 2054 1458 2119 581

333 2168 378 2231 40
398 2167 568 2251 Cyprianus
583 2166 770 2250 presbyteris
786 2167 816 2232 et
831 2168 1025 2233 diaconibus:
1041 2167 1256 2233 Nuntiandum
1287 2219 1294 2232 .
1341 2217 1348 2231 .
1395 2166 1459 2232 585

333 2280 375 2345 41
399 2277 569 2362 Cyprianus
594 2276 738 2343 Caldbnio
768 2280 800 2343 et
825 2278 1014 2344 Herculano:
1043 2278 1249 2345 Vehementer
1278 2297 1349 2344 con-

478 2390 624 2455 tristatus
651 2438 1349 2457 ..............
1396 2390 1458 2456 587

334 2500 378 2565 42
399 2500 563 2566 Caldonius
579 2520 650 2565 cnm
665 2501 839 2566 Herculano
857 2550 865 2565 .
880 2552 886 2564 .
900 2523 929 2565 .:
946 2500 1191 2568 Abstinuimus.
1236 2550 1244 2567 .
1291 2550 1297 2565 .
1342 2552 1350 2567 .
1396 2500 1460 2566 590

333 2610 377 2675 43
398 2610 569 2694 Cyprianus
584 2611 683 2693 plebi:
699 2608 895 2693 Quamquam
910 2612 932 2676 f.
949 2631 974 2677 c.
992 2612 1114 2678 Virbius
1127 2660 1349 2679 .....
1395 2610 1459 2676 590

334 2722 377 2787 44
399 2722 569 2805 Cyprianus
584 2721 738 2788 Cornelio:
755 2723 914 2787 Venerunt
929 2724 968 2788 ad
983 2742 1037 2789 nos
1078 2771 1348 2788 ......
1394 2722 1456 2789 597
1492 2790 1493 2799 ¹

334 2812 568 2917 escyprranus
583 2832 842 2913 1111111111
857 2836 955 2901 aaran
971 2836 1021 2900 11
1077 2884 1349 2901 ......
1395 2833 1457 2901 see

333 2946 377 3010 46
399 2944 569 3029 Cyprianus
583 2946 718 3011 Maximo
733 2946 766 3010 11
780 2944 972 3011 Nicostrato:
990 2944 1068 3011 Cum
1084 2946 1259 3029 frequenter
1289 2997 1297 3011 .
1341 2994 1348 3010 .
1395 2942 1457 3009 604

333 3057 376 3121 47
398 3055 568 3140 Cyprianus
583 3056 738 3123 Cornelio:
753 3058 796 3122 Et
811 3057 993 3141 religiosum
1022 3106 1240 3124 .....
1270 3056 1309 3122 a*
1341 3106 1348 3121 .
1395 3053 1456 3121 605

333 3169 376 3233 48
399 3168 567 3252 Cyprianus
583 3167 738 3233 Cornelio:
754 3168 830 3254 Legi
841 3169 962 3235 litteras
973 3170 1044 3235 tuas
1056 3169 1077 3234 f.
1089 3188 1115 3235 o.
1128 3188 1203 3252 quas
1214 3188 1268 3252 per
1278 3168 1348 3234 Pri·

478 3280 628 3345 mitiuum
656 3328 1349 3347 ..............
1395 3278 1456 3343 606

332 3390 377 3457 49
399 3390 556 3456 Cornelius
571 3390 737 3476 Cypriane:
753 3388 909 3469 Quantam
924 3391 1189 3457 sollicitudinem.
1236 3444 1243 3459 .
1288 3440 1296 3457 .
1342 3443 1349 3457 .
1395 3388 1455 3456 608

333 3502 378 3567 50
398 3500 556 3569 Cornelius
570 3503 736 3586 Cypriane:
752 3502 801 3567 Ne
816 3503 891 3586 quid
906 3503 1009 3568 minus
1022 3552 1350 3569 .......
1394 3500 1456 3567 613

332 3612 374 3679 51
399 3611 569 3697 Cyprianus
584 3612 737 3679 Cornelio:
753 3616 796 3679 Et
809 3614 909 3697 egisse
923 3632 979 3680 nos
1023 3640 1030 3679 ·.
1075 3662 1350 3681 ......
1394 3612 1455 3713 614

333 3723 376 3790 52
399 3723 568 3808 Cyprianus
583 3723 737 3789 Cornelio:
753 3725 881 3790 Etcum
897 3725 1061 3809 diligentia
1078 3772 1350 3791 ......
1395 3723 1455 3789 616

334 3835 377 3900 53
398 3834 553 3899 Maximus
568 3833 712 3901 Vrbanus
730 3885 758 3898 ..
777 3834 944 3919 Cypriane:
961 3835 1045 3902 Certi
1074 3883 1350 3903 ......

334 3945 378 4012 54
400 3944 569 4030 Cyprianus
583 3946 859 4012 MaximoVrbano
879 3946 1176 4013 ..:Lectislitte1is
1235 3998 1241 4011 .
1287 3995 1296 4011 .
1342 3996 1348 4011 .

332 4056 376 4123 55
398 4055 567 4140 Cyprianus
583 4058 777 4124 Antoniano:
792 4059 907 4141 Accepi
921 4059 1038 4141 primas
1080 4104 1350 4125 ......

181 4181 188 4197 ’
332 4166 376 4236 56
398 4167 568 4253 Cyprianus
583 4169 755 4236 Fortunato
771 4169 927 4253 Ahynrmo
946 4150 1188 4255 ..z'Scripsistis
1203 4170 1283 4235 mihi
1342 4218 1349 4233 .

331 4278 375 4345 57
399 4276 569 4362 Cyprianus
579 4279 804 4346 Liberalis...
822 4278 979 4345 Cornelio:
995 4279 1211 4346 statueramus
1238 4330 1246 4347 .
1291 4328 1299 4345 .
1343 4328 1373 4344 ..
