3025 4967
438 365 615 435 Epistulae
631 363 752 419 LXIII.
771 379 792 417 c
811 363 921 417 15-18.
1175 362 1238 429 715

113 524 214 591 sionis
228 524 295 589 eins
311 522 480 599 offerimus,
496 521 530 586 id
542 520 624 602 qnod
638 518 761 585 constat
770 518 939 584 Dominum
952 516 1061 583 fecisse
1076 516 1236 583 faciamus.

115 628 150 693 et
164 626 290 705 uiderit,
304 626 401 691 irater
415 624 583 705 carissime,
599 622 711 704 siquis
726 621 764 687 de
785 620 1030 687 antecessoribus
1050 620 1163 685 nostris
1183 619 1236 685 uel

115 730 297 816 ignoranter
310 728 362 793 uel
375 726 562 808 simpliciter
574 744 636 791 non
649 724 708 789 hoc
721 724 900 789 obseruanit
915 724 947 787 et
962 722 1065 788 tenuit
1081 724 1161 805 quod
1182 740 1237 788 nos

114 833 272 899 Dominus
292 830 390 895 facere
404 828 543 911 exemplo
558 829 589 892 et
604 826 784 911 magisterio
799 842 854 891 sno
869 825 983 908 docuit,
998 826 1100 907 potest
1114 826 1239 908 simpli-

89 935 209 1000 ccitati
228 935 294 999 eins
310 933 347 998 de
361 931 556 1015 Indulgentia
571 930 696 995 Domini
717 929 809 995 uenia
822 929 959 995 concedi:
981 928 1069 994 nobis
1091 946 1164 993 nero
1178 948 1239 995 non

112 1036 233 1120 poterit
248 1035 375 1120 ignosci,
396 1035 449 1117 qui
465 1053 546 1099 nnnc
559 1052 579 1099 a
592 1032 724 1097 Domino
739 1031 892 1097 admoniti
909 1032 941 1097 et
954 1031 1100 1097 instructi
1120 1051 1238 1112 sumus,

112 1144 154 1204 nt
174 1140 303 1205 oabcem
328 1137 517 1204 dominicum
538 1136 611 1201 uino
631 1135 774 1217 mixtum,
800 1134 966 1201 secundum
985 1135 1068 1216 quod
1086 1134 1238 1201 Dominus

115 1241 245 1324 optulit,
266 1241 430 1306 offeramus
444 1240 529 1305 etde
549 1239 606 1304 boc
625 1255 744 1321 quoqne
764 1237 804 1301 ad
823 1237 955 1320 collegas
976 1238 1095 1303 nostros
1116 1237 1238 1305 litteras

118 1346 305 1430 dirigamus,
321 1346 357 1410 ut
371 1344 487 1427 ubique
500 1343 550 1408 len
565 1341 744 1426 euangelica
759 1342 791 1406 et
811 1340 940 1407 traditio
962 1339 1114 1407 domiaica
1133 1360 1238 1407 serue-

76 1477 106 1517 10
115 1452 172 1515 tur
186 1451 219 1514 et
233 1448 272 1513 ab
288 1466 323 1513 eo
337 1446 419 1530 quod
435 1446 574 1512 Christus
589 1447 621 1511 et
635 1446 739 1511 docuit
755 1445 787 1510 et
801 1442 877 1510 fecit
891 1461 950 1509 non
966 1444 1135 1509 recedatur,

165 1549 250 1629 Quae
269 1551 354 1615 ulma
373 1550 438 1615 iam
458 1551 650 1615 contemnere
672 1549 704 1612 et
722 1548 756 1613 in
777 1565 876 1613 errore
896 1548 1028 1629 pristino
1042 1565 1238 1631 perseuerare
1250 1551 1289 1615 1⁸

115 1653 196 1735 quid
210 1653 295 1718 alind
311 1654 358 1719 ost
372 1671 465 1735 quam
486 1652 641 1717 incurrere
667 1652 700 1715 in
720 1649 969 1733 obiurgationem
989 1650 1115 1715 Domini
1137 1651 1238 1717 incre-

115 1756 224 1839 pantis
246 1753 291 1843 [in
310 1752 441 1843 psalmo]
470 1756 502 1820 et
526 1752 672 1819 dicentis:
704 1752 748 1817 ad
779 1752 869 1834 quid
898 1752 1058 1834 exponis
1085 1753 1238 1819 iustifi-

118 1860 298 1925 cationes
326 1860 489 1925 mearet
516 1856 688 1923 adsumis
714 1856 995 1919 testamentum
1023 1874 1144 1921 meum
1171 1875 1239 1938 per

79 1983 163 2033 nos
185 1964 314 2027 tuum?
335 1965 378 2027 tn
399 1963 525 2027 autem
555 1960 676 2027 odisti
704 1957 958 2039 disciplinam
987 1959 1024 2022 et
1052 1958 1238 2025 abiecisti

115 2082 315 2129 sermones
345 2083 446 2130 moos
475 2066 588 2129 retro.
625 2062 657 2126 si
686 2060 840 2126 nideras
868 2059 1006 2138 furem,
1037 2078 1238 2129 concurre-

113 2167 189 2232 bas
211 2167 245 2232 ei
266 2169 304 2231 et
330 2168 436 2232 inter
463 2167 638 2233 moechos
665 2164 899 2248 particulam
927 2165 1033 2229 tuam
1060 2165 1237 2248 ponebas.

117 2287 268 2353 exponere
288 2270 371 2336 enim
385 2269 619 2335 iustificationes
635 2268 666 2334 et
680 2268 904 2333 testamentum
919 2266 1046 2331 Domini
1061 2269 1092 2331 et
1105 2287 1166 2333 non
1180 2268 1238 2334 boc

116 2374 205 2437 idem
220 2371 320 2438 facere
334 2374 416 2454 quod
430 2372 539 2437 fecerit
552 2370 713 2449 Dominus,
735 2369 811 2452 quid
834 2369 920 2434 aliud
941 2370 988 2434 est
1007 2387 1099 2451 quam
1122 2388 1238 2437 sermo·

78 2494 175 2541 mnes
197 2474 263 2539 cius
279 2474 401 2539 abicere
415 2476 447 2539 et
461 2474 658 2557 discipliuam
678 2473 865 2539 dominicam
886 2474 1079 2537 contemnere
1099 2493 1155 2539 nec
1174 2475 1239 2541 ter·

116 2596 194 2643 rena
211 2577 266 2641 sed
286 2578 440 2659 spiritalia
459 2576 543 2641 furta
561 2578 594 2640 et
614 2576 768 2642 adulteria
787 2577 1002 2641 committere?
1022 2575 1097 2639 dum
1118 2576 1186 2658 quis
1201 2578 1239 2643 de

117 2680 300 2763 euangelica
319 2680 452 2745 commta
466 2681 586 2745 iuratur
600 2679 727 2745 Domini
741 2681 840 2745 nostri
855 2679 950 2745 uerba
965 2680 997 2744 et
1011 2679 1103 2757 lacta,
1126 2680 1158 2745 et
1172 2697 1239 2745 cor·

117 2783 240 2865 rumpit
260 2783 359 2865 adque
379 2782 534 2849 adulterat
548 2783 709 2864 praecepta
723 2784 839 2849 diuina.
858 2782 940 2848 sicut
954 2780 1035 2863 apud
1049 2782 1240 2848 Hieremiam

119 2886 350 2967 scriptumest:
367 2885 458 2968 quid
480 2887 551 2968 est,
566 2886 679 2969 inquit,
694 2885 819 2967 paleis
841 2885 887 2950 ad
909 2884 1111 2950 triticum?
1132 2902 1240 2967 prop·

225 3148 258 3203 13
274 3150 318 3204 rc
338 3148 380 3213 se,
400 3149 440 3203 1e.
459 3148 499 3203 rs.
569 3150 604 3202 aa
621 3148 695 3203 mer.
713 3148 756 3216 ae,
774 3148 816 3202 as.
834 3148 875 3203 eo.
894 3146 936 3201 aa.

170 3398 297 3479 1of0‘n,
309 3397 400 3470 effa
527 3414 685 3469 nemum
810 3412 969 3469 aeroma
1095 3398 1243 3485 trimo

117 3501 216 3567 (frater
227 3482 342 3569 lrfflM)
433 3499 498 3569 qnid
510 3500 538 3555 R
623 3499 656 3553 de
667 3517 717 3553 om.
730 3500 757 3554 L
847 3499 926 3555 3lroc
937 3518 987 3554 om.
1000 3501 1028 3556 R
1113 3503 1140 3555 et
1151 3500 1242 3555 tenuit

118 3602 170 3640 cra
184 3584 213 3641 R
325 3585 576 3655 dsimplicitatisS
685 3587 703 3640 5
715 3584 757 3656 de]
771 3601 803 3639 nc
817 3585 839 3640 D
951 3585 967 3638 7
980 3586 1093 3641 mixtum
1104 3587 1167 3641 uino
1179 3587 1208 3643 B

116 3671 134 3725 8
146 3670 188 3741 de]
202 3686 282 3740 super
296 3671 323 3725 V
412 3670 734 3740 lDetdocuit1docuitS
773 3659 797 3671 ”
821 3671 854 3725 12
866 3672 1005 3726 curreres
1087 3672 1127 3740 in]
1139 3672 1168 3727 id
1180 3672 1207 3727 L

117 3756 343 3826 obiurgationes
434 3757 467 3811 13
478 3757 508 3811 in
519 3757 622 3826 psalmo
633 3757 721 3811 onaS
810 3772 920 3825 expones
936 3756 959 3827 Q
1049 3758 1083 3811 14
1094 3773 1168 3811 meae
1179 3757 1208 3813 B

117 3842 241 3896 adsume
254 3841 335 3910 LOQ
430 3842 530 3911 meum]
542 3844 619 3895 tunm
632 3842 660 3897 P
762 3843 795 3897 16
806 3858 880 3896 mens
896 3842 920 3897 0
1015 3842 1125 3896 uidebar
1140 3842 1207 3912 QRo

117 3926 201 3982 simul
212 3926 384 3981 concurrebas
400 3926 437 3998 Q;
451 3928 487 3994 cs.
498 3931 598 3995 169,14
700 3928 732 3981 11
744 3929 770 3981 ci
786 3944 836 3983 cra.
849 3928 911 3991 LR,
930 3942 989 3982 cum
1001 3944 1032 3983 eo
1048 3927 1071 3998 Q
1169 3930 1241 3983 inter

116 4028 221 4067 moccos
233 4012 262 4077 S,
282 4028 342 4065 cum
355 4010 484 4065 adulteris
499 4012 522 4080 Q
595 4012 764 4082 particulam]
778 4014 925 4081 portionem
939 4013 962 4085 Q
1029 4016 1104 4069 tuam
1116 4030 1165 4069 one
1179 4016 1207 4071 L

116 4100 151 4153 18
162 4099 247 4154 deiB
331 4099 366 4151 20
377 4097 494 4153 einscrr,
508 4098 532 4153 S
647 4100 681 4153 21
693 4100 740 4167 qui
752 4101 799 4164 D,
811 4116 862 4155 em.
875 4101 903 4155 R
982 4102 1016 4155 22
1027 4102 1207 4173 ueritatemQ

115 4184 278 4254 nostrilnon
289 4184 459 4252 PM(nostri
470 4183 503 4254 Q)
582 4185 776 4255 etcorrnmpit]
792 4187 938 4256 corrumpit
953 4186 1045 4257 oola
1128 4188 1240 4243 23iere·

116 4270 192 4323 mian
204 4270 260 4335 SP,
275 4270 421 4323 hieremian
433 4268 461 4325 R
564 4270 599 4324 24
610 4270 653 4340 ad]
665 4274 714 4325 ant
725 4271 749 4325 S
