3025 4967
306 380 471 429 LXXXVIII

307 518 446 600 questus,
465 515 620 581 editorum
635 514 828 597 supellectile
842 514 951 579 critica
965 514 1130 595 prudenter
1144 516 1294 597 murpeta
1307 515 1432 581 textum

308 628 474 711 permultis
488 627 565 693 locis
580 646 672 710 qnam
687 627 783 692 ceteri
798 626 912 691 rectius
927 626 1101 693 constituit.
1129 626 1269 710 singulos
1284 625 1433 710 cypriani

201 767 281 807 ”ene
308 740 431 805 libellos
456 737 521 827 (De
542 738 711 804 catholicoe
732 738 876 803 molestos
898 738 1031 815 cadmo,
1055 735 1233 818 Dolopeia
1255 735 1305 803 De
1318 736 1433 801 babitu

216 836 221 846 '
253 834 1265 936 ericopamnurmgae1853,lucernensem,resonemus
1279 850 1433 927 eoem,

310 964 361 1030 Dc
373 964 575 1041 mortalitate,
597 962 651 1026 no
665 960 918 1039 domnionem,
941 960 991 1026 Do
1009 980 1096 1042 opere
1110 966 1138 1025 ot
1152 960 1359 1042 obeososyots,
1381 959 1434 1025 De

310 1077 387 1141 boso
400 1074 580 1155 poticmtoe
593 1077 622 1137 et
636 1071 686 1137 Dc
699 1073 764 1137 acto
777 1077 805 1137 et
820 1072 920 1137 liuore
935 1073 1097 1159 ‘tubingae
1114 1072 1210 1159 1859)
1233 1073 1333 1138 edidit
1348 1072 1433 1138 Kra-

312 1188 424 1272 binger
444 1186 626 1269 primusque
640 1184 822 1251 Germaniae
842 1184 961 1251 codices
975 1185 1172 1251 Monacensee
1187 1184 1435 1269 Bambergenses

309 1299 583 1382 Wircebmgenses
609 1298 752 1375 excussit,
779 1296 874 1362 etiam
889 1296 1081 1382 Seguieriani
1106 1296 1180 1361 libri
1201 1298 1233 1361 et
1248 1295 1435 1361 Veronensis

310 1410 436 1478 collatio
451 1411 572 1494 praesto
584 1409 653 1473 fuit.
670 1426 836 1490 eorumque
847 1408 960 1473 amilio
972 1408 1073 1473 multa
1084 1408 1257 1473 rectissime
1268 1408 1436 1472 emendata

310 1523 393 1587 sunt.
417 1523 470 1588 ead
494 1522 526 1587 in
547 1522 639 1586 tanta
659 1520 828 1586 lectionum
848 1540 884 1585 er
905 1521 994 1585 libris
1018 1520 1240 1586 recentissimis
1261 1519 1435 1601 petitarum

310 1633 473 1719 farragine,
500 1653 561 1714 qua
586 1632 814 1699 adnotationem
841 1633 997 1717 operosius
1021 1634 1211 1710 onerauerat,
1238 1650 1310 1697 cum
1335 1629 1435 1695 libros

309 1764 472 1810 numerare
497 1765 591 1828 quam
616 1744 783 1827 ponderare
808 1744 928 1821 mallet,
954 1744 1045 1826 plura
1070 1740 1268 1809 inemendata
1292 1741 1434 1823 reliquit.

310 1858 432 1923 acutius
458 1877 523 1923 rem
548 1857 688 1923 criticam
710 1856 869 1922 bctitauit
891 1856 995 1921 Routb
1017 1854 1050 1921 in
1073 1854 1272 1920 emendandis
1297 1853 1435 1937 quinque

311 1967 456 2054 Cypriani
477 1970 634 2052 opusculis
650 1967 782 2054 (Script.
804 1967 903 2033 coclea
926 1967 1076 2048 epaeneto
1086 1968 1263 2048 praecipua
1277 1964 1436 2047 quaedem

311 2077 404 2144 Oxon.
429 2081 512 2146 1859
532 2080 599 2161 lp.
621 2080 685 2144 229
705 2079 778 2165 sq.).
805 2080 939 2145 alterum
965 2080 1103 2145 eiusdem
1129 2079 1245 2144 librum
1265 2076 1436 2157 Reliquiae

311 2210 421 2256 sacrae
435 2190 621 2274 inscriptum
635 2191 743 2255 uidere
757 2207 818 2256 non
832 2191 973 2275 contigit.

164 2330 234 2373 neu
248 2332 294 2374 eu.
353 2304 431 2374 Post
441 2304 497 2369 hos
509 2302 672 2385 praesidiis
686 2302 813 2384 optimis
828 2302 999 2367 instructus
1008 2301 1166 2384 dequibus
1182 2320 1275 2390 supra
1285 2299 1380 2365 retuli
1392 2299 1435 2364 ad

149 2398 218 2440 ‘¹⁰²¹'
237 2400 302 2442 '⁸¹¹⁰'
313 2414 523 2481 adornandam
537 2413 704 2479 editionem
718 2433 832 2479 nouam
847 2413 969 2479 accessi.
986 2432 1036 2479 ars
1052 2414 1160 2478 critica
1174 2414 1206 2477 in
1220 2412 1270 2477 his
1285 2409 1432 2493 operibus

314 2526 488 2593 lectitanda
501 2527 670 2591 lectionum
685 2526 835 2592 electione
850 2526 1024 2591 continetur
1038 2523 1229 2591 coniectandi
1240 2523 1354 2588 finibus
1366 2523 1436 2587 mm
1452 2580 1457 2587 .

313 2640 445 2723 anguste
466 2639 719 2721 circumscriptis,
741 2640 778 2703 nt
798 2640 881 2705 idem
902 2638 981 2704 mihi
996 2638 1040 2703 sit
1054 2636 1232 2713 uerendum,
1255 2634 1336 2717 quod
1351 2633 1384 2699 in
1398 2653 1435 2699 re

313 2750 410 2815 simili
430 2751 479 2816 uir
501 2751 698 2816 doctissimus
719 2753 751 2815 et
771 2744 999 2838 κριτικώτατος
1019 2767 1117 2832 nuper
1136 2747 1291 2831 professus
1309 2746 1366 2824 est,
1394 2764 1436 2810 ne

314 2864 353 2927 iis
367 2863 442 2927 haec
456 2881 527 2928 maa
540 2862 642 2945 opella
655 2882 766 2946 parum
780 2861 936 2944 probetur,
960 2860 1013 2943 qui
1029 2861 1189 2924 auctorum
1205 2855 1436 2941 recognitiones

313 2974 477 3040 aestimare
488 2974 586 3039 solent
594 2974 805 3039 adnumerum
818 2974 955 3038 lacerum
967 2971 1199 3036 emendatorem
1211 2968 1277 3033 sine
1285 2968 1436 3050 exemplo.

314 3104 501 3168 quamquam
522 3085 662 3150 omnium
676 3102 804 3168 operum
820 3082 957 3149 condicio
972 3100 1031 3147 non
1049 3081 1097 3147 eet
1112 3081 1220 3147 eudem
1235 3081 1267 3145 et
1281 3079 1437 3162 epistulae

313 3197 488 3274 nonnullae,
511 3196 627 3277 scripta
640 3215 714 3261 nere
728 3196 929 3278 suppositicia
944 3214 980 3259 er
994 3214 1055 3260 uno
1070 3194 1233 3276 archetype
1248 3209 1309 3256 non
1324 3210 1439 3273 parum

314 3307 481 3391 depranato
503 3308 718 3374 descendentia
737 3308 883 3390 pleraque
905 3325 1048 3389 campum
1069 3306 1215 3388 praebent
1235 3304 1360 3387 ingenia
1381 3321 1436 3367 er-

314 3419 449 3502 porturis
469 3421 630 3502 aptiorem.
650 3420 684 3483 in
704 3419 817 3501 quibus
838 3418 865 3483 si
880 3418 1018 3483 nonnihil
1039 3436 1108 3483 mea
1127 3436 1201 3484 cura
1221 3417 1253 3481 in
1273 3435 1340 3482 rem
1362 3432 1437 3481 con-

313 3532 425 3596 tulisse
445 3530 612 3613 uidebitur,
637 3550 687 3595 ero
710 3532 880 3595 contentus.
905 3530 1048 3612 equidem
1072 3529 1168 3595 etiem
1188 3530 1221 3594 in
1241 3528 1290 3593 his
1315 3528 1439 3594 cautius

314 3662 411 3725 quarn
430 3643 577 3708 audacius
592 3642 652 3725 egi,
672 3659 803 3724 quorum
819 3639 997 3706 auctoribus
1012 3641 1135 3723 propter
1149 3640 1304 3725 insignem
1319 3640 1440 3705 medio-

315 3754 459 3819 critatem
477 3753 670 3836 permultnm
689 3752 732 3817 eit
751 3753 993 3819 condonandum.
1015 3753 1069 3817 ubi
1091 3770 1163 3818 uero
1185 3753 1225 3818 ad
1247 3753 1441 3818 coniecturas

315 3866 383 3931 erat
402 3864 652 3951 confugiendum,
673 3865 706 3929 in
721 3866 842 3931 textum
864 3882 915 3930 eas
934 3881 994 3929 uon
1014 3864 1124 3947 recepi,
1146 3864 1207 3930 nisi
1228 3863 1283 3929 ubi
1304 3864 1443 3929 maxime

314 3977 489 4061 probabiles
517 3995 584 4043 esse
611 3977 803 4055 confiderem,
838 3976 997 4059 plurimas.
1018 3976 1051 4041 in
1080 3975 1265 4058 apparatum
1294 3975 1443 4042 criticum

314 4087 463 4172 relegari.
493 4088 526 4152 in
556 4086 699 4172 Cypriani
728 4087 871 4173 operibus
900 4088 1043 4172 genuinis
1072 4087 1297 4169 scripturarum
1327 4087 1443 4153 electio

314 4198 454 4281 primum
474 4201 522 4265 est
542 4200 734 4266 emendantis
753 4201 914 4285 negotium
935 4200 1027 4281 idque
1042 4217 1061 4263 a
1075 4200 1159 4264 recta
1181 4198 1323 4263 codicum
1344 4199 1445 4264 aesti-

315 4310 451 4375 matione
464 4312 566 4377 totum
581 4312 702 4395 pendet,
719 4311 758 4376 de
773 4330 834 4393 que
849 4330 920 4376 curn
936 4312 1089 4376 editorum
1104 4310 1211 4375 nullus
1226 4309 1444 4392 quaestionem
