3025 4967
289 384 355 447 400
677 377 825 432 Caecilii
843 347 1007 444 Cypriani

290 535 527 618 patientium
549 533 762 600 contemnis
791 532 973 615 ignorans
1002 531 1181 613 quoniam
1212 532 1411 614 patientie

291 642 330 704 ιι
364 638 518 703 bonitas
555 635 624 701 Dei
660 634 704 699 ed
741 634 1027 718 peonitentiam
1070 636 1109 698 te
1144 635 1332 700 adducit?
1367 638 1408 700 tu

291 744 418 808 autom
440 740 648 807 seeundum
673 738 868 803 duritiem
889 739 994 802 tuam
1017 740 1054 803 et
1075 755 1140 804 oor
1161 738 1409 819 inpoenitens
1499 745 1500 820 l

290 845 532 909 thesaurizes
565 844 641 909 tibi
672 843 769 907 irum
800 843 838 906 in
871 842 932 905 die
964 841 1045 907 irne
1075 844 1113 906 et
1145 841 1409 907 reueletionis
1499 875 1500 922 ι

292 948 389 1012 iusti
411 947 556 1013 iudicii
589 948 663 1011 Dei
695 946 759 1028 qui
793 944 933 1009 reddet
963 945 1176 1026 unicuique
1198 946 1440 1010 seeundumo
1499 943 1500 1004 J

291 1068 406 1133 opere
427 1069 502 1116 sue.
538 1050 656 1114 iustum
681 1049 834 1113 iudicium
858 1048 919 1113 Dei
942 1046 1023 1111 dixit
1046 1065 1127 1125 esse,
1149 1049 1224 1131 quie
1237 1067 1341 1112 serum
1355 1050 1409 1125 est,
1499 1093 1500 1138 ᾗ

291 1154 364 1236 quia
378 1154 432 1219 diu
448 1153 643 1235 multumque
659 1152 803 1218 differtur
816 1154 853 1216 ιιι
868 1150 987 1215 homini
1002 1151 1041 1216 ad
1057 1152 1158 1216 uitem
1173 1152 1267 1236 longe
1281 1152 1341 1216 Dei
1355 1170 1408 1233 pe-

291 1257 403 1323 tientia
418 1257 601 1322 oonsulstun.
626 1258 701 1321 tuno
715 1255 964 1337 repraesentetur
978 1272 1075 1337 poene
1090 1255 1188 1338 impio
1202 1257 1236 1319 ιι
1249 1254 1409 1336 ριιωιιιί,

292 1360 412 1441 quondo
427 1359 491 1423 iam
505 1378 566 1424 non
580 1359 681 1441 potest
695 1357 887 1440 poenitentia
900 1357 1045 1443 prodesse
1058 1358 1186 1439 peccati.

264 1478 281 1538 5
334 1461 444 1545 Adque
469 1464 506 1527 ut
531 1460 651 1543 plenius
678 1460 857 1544 intellegere
882 1460 1051 1543 possimus,
1074 1462 1185 1526 fratres
1207 1462 1441 1540 dileetissimiu

292 1565 365 1647 quis
386 1564 534 1646 patientie
556 1564 614 1627 Dei
636 1582 684 1628 res
707 1567 754 1628 est
770 1566 802 1628 ιι
817 1564 947 1645 quisque
961 1564 1040 1629 lenis
1062 1566 1184 1647 petiens
1205 1568 1237 1630 et
1261 1566 1351 1630 mitis
1365 1568 1411 1631 est

292 1669 350 1733 Dei
365 1667 463 1751 petris
477 1666 619 1731 imitator
633 1668 695 1743 est,
724 1686 792 1732 oum
821 1667 854 1731 in
879 1667 1040 1751 euangelio
1065 1687 1119 1733 suo
1146 1669 1298 1734 Dominus
1325 1688 1410 1752 prae-
1499 1677 1500 1700 ³

293 1770 428 1854 ceptam
444 1770 575 1835 salutem
591 1770 679 1835 deret
693 1772 725 1833 ιι
740 1770 847 1835 diuina
861 1770 981 1836 monite
995 1772 1410 1855 depromensudperfeetum
1499 1765 1500 1816 1

293 1874 459 1958 discipulos
474 1873 624 1951 erudiret,
660 1873 765 1955 posuit
779 1876 811 1939 ιι
825 1874 921 1939 dixit:
955 1874 1127 1939 audistis
1150 1877 1242 1957 qnia
1264 1876 1410 1941 dietum
1499 1883 1500 1952 s

293 1980 366 2044 est:
401 1980 546 2062 diliges
568 1976 782 2060 proximum
804 1978 883 2042 tibi
906 1980 944 2043 ιι
972 1978 1059 2043 odio
1087 1979 1252 2045 hebebis
1282 1980 1441 2044 inimi-e
1499 1985 1500 1990 ’

293 2101 376 2146 oum
399 2081 482 2146 tibi.
517 2099 585 2164 ego
607 2080 735 2146 eutem
769 2081 853 2145 dieo
888 2080 1017 2146 uobis:
1052 2082 1412 2165 diligiteinimioos

292 2184 446 2250 uestros
479 2186 514 2248 et
547 2184 658 2248 orate
691 2200 757 2265 pro
791 2184 849 2248 eis
882 2188 947 2266 qui
977 2203 1045 2249 uos
1066 2186 1337 2268 persecuntur,
1372 2186 1414 2249 ιιι

292 2288 385 2354 sitis
407 2286 491 2352 lilii
513 2286 641 2369 putris
662 2285 790 2351 uestri
813 2286 877 2366 qni
899 2287 938 2351 in
960 2289 1086 2353 oselis
1108 2291 1186 2367 est,
1209 2290 1273 2371 qui
1296 2288 1413 2356 solem

292 2410 399 2455 suum
422 2388 517 2455 oriri
539 2388 637 2454 feeit
658 2408 773 2473 super
795 2389 919 2456 bonos
942 2393 979 2456 et
1000 2393 1122 2457 mulos
1151 2394 1190 2457 et
1219 2394 1330 2475 pluit
1357 2412 1413 2457 su·

292 2513 358 2580 per
389 2494 516 2559 iustos
548 2494 585 2557 ιι
617 2494 799 2559 iniustos.
833 2495 866 2558 si
888 2496 985 2559 enim
1009 2496 1329 2562 dilexeritiseos
1351 2495 1444 2578 quio

292 2615 358 2662 uos
380 2596 569 2679 diligunt,
605 2615 714 2678 quam
736 2596 950 2663 mercedem
972 2598 1196 2664 habebitis?
1232 2601 1413 2664 nonneet

292 2699 496 2783 publicani
517 2699 577 2763 sio
599 2699 779 2766 faciunt?
813 2702 850 2764 ιι
883 2702 915 2766 si
949 2701 1229 2767 salutaueritis
1261 2701 1414 2767 fratres

292 2806 446 2869 uestros
479 2806 651 2884 tentum,
693 2805 787 2888 quid
820 2807 988 2889 amplius
1024 2808 1184 2874 feritis?
1222 2827 1345 2874 nonne
1377 2810 1415 2871 et

292 2907 446 2972 ethnici
480 2909 518 2973 id
551 2909 677 2991 ipsum
710 2908 889 2974 fuciunt?
922 2910 1039 2975 eritis
1070 2912 1204 2993 itaque
1235 2931 1305 2977 uos
1337 2930 1415 2996 per·

292 3009 403 3087 fecti,
427 3014 611 3093 quomodo
632 3015 742 3095 pater
764 3015 895 3078 uester
916 3014 1104 3079 caelestis
1125 3014 1326 3097 perfectus
1347 3016 1444 3079 este

291 3115 337 3178 sio
350 3114 501 3197 perfectos
523 3115 602 3179 dixit
627 3116 693 3180 fieri
719 3116 778 3181 Dei
804 3116 900 3193 filios,
924 3118 969 3181 sio
995 3120 1200 3183 oonsummeri
1226 3119 1361 3183 ostendit
1384 3118 1414 3180 ιι

293 3216 399 3281 doouit
421 3217 545 3283 caelesti
566 3219 736 3285 natiuitute
751 3221 925 3303 reparatos,
948 3219 974 3284 si
991 3214 1144 3303 patientia
1160 3222 1218 3286 Dei
1234 3223 1334 3304 putris
1349 3240 1414 3285 ma-

351 3428 355 3437 ·
395 3405 429 3459 14
446 3404 544 3460 naon
558 3405 582 3469 5,
595 3406 629 3459 43
643 3422 681 3474 sq.

347 3576 591 3645 loondempnisG
644 3578 752 3647 ignores
769 3578 795 3632 θ
844 3578 1017 3647 opeenitens
1031 3581 1070 3634 W
1118 3580 1225 3634 4diem
1242 3581 1267 3633 V
1325 3577 1415 3634 ored-

292 3662 377 3717 dito
439 3662 539 3732 liquis
550 3678 638 3717 serum
649 3667 691 3718 est
703 3682 751 3718 om.
770 3664 796 3718 G
869 3664 1058 3719 ldifertan
1128 3666 1315 3720 Beonsolutur
1331 3666 1367 3720 W

292 3750 309 3801 9
322 3748 425 3817 peceati
434 3748 506 3812 WV,
520 3749 640 3816 peoounti
651 3748 692 3803 Ge
738 3748 772 3801 10
784 3750 915 3817 possimus
927 3766 961 3803 err
972 3766 1049 3818 posse
1059 3751 1096 3805 W
1104 3768 1138 3805 m.
1150 3755 1179 3817 2,
1192 3768 1328 3821 possemus
1342 3750 1368 3804 G

292 3835 324 3887 11
343 3835 395 3903 res]
416 3833 484 3888 lenis
505 3833 590 3889 editio
609 3834 826 3889 Dauentriensie
920 3836 1070 3905 qnisqueG
1091 3854 1125 3891 m.
1142 3841 1163 3890 2
1180 3838 1245 3891 odd.
1266 3840 1299 3891 ιιι
1318 3854 1414 3906 maru,

292 3919 441 3988 quisquise
532 3919 708 3975 mleniro
794 3922 1165 3992 etpetienee‚peeientero
1236 3923 1333 3977 ιιιιι
1346 3908 1416 3977 ιιι,

292 4009 370 4059 tuum
386 4005 425 4073 θ,-
444 4006 508 4059 item
520 4006 536 4059 l.
549 4011 586 4060 16
648 4005 707 4059 odio
719 4006 840 4075 hebebis]
852 4007 925 4061 odies
941 4008 980 4077 V;
999 4010 1034 4075 cf.
1048 4008 1083 4063 de
1093 4010 1287 4063 zeloetlioore
1299 4026 1319 4063 c.
1333 4012 1367 4062 15

193 4079 196 4085 ’
292 4094 326 4147 18
338 4091 498 4160 „plures
552 4093 585 4147 21
597 4091 703 4146 habetis
718 4092 755 4145 W
810 4093 1232 4164 mercetpuhliemiuetsicp.
1246 4095 1272 4147 V
1329 4094 1415 4150 sure

292 4178 398 4233 cietisu
467 4181 495 4232 ιι
506 4194 555 4232 orn.
573 4178 599 4232 G
673 4179 707 4233 24
725 4178 921 4246 eritieWGV,
939 4184 1053 4236 esteten
1121 4182 1156 4235 25
1173 4180 1300 4250 quomodo
1316 4178 1412 4241 Wur,

294 4283 364 4337 siout
376 4301 393 4338 o
