3025 4967
708 393 853 446 t'ocuilii
872 390 1033 462 Cypriani

415 587 439 614 s
466 575 523 614 nie
540 568 570 614 en
586 550 769 632 spiritaliter
784 548 954 613 adoremus.
972 567 1050 630 quae
1066 547 1149 613 enim
1166 548 1348 632 potestesse
1364 547 1425 629 spi-

376 678 401 710 ·=
437 673 511 718 cauo
528 674 621 734 quam
636 671 714 734 quae
729 671 747 716 a
762 650 883 716 Christo
898 651 986 716 nobis
1002 651 1077 717 data
1092 652 1154 728 est,
1178 670 1196 715 a
1219 668 1278 733 quo
1292 650 1379 715 nobis
1394 653 1424 716 et

303 781 352 825 x„
374 778 435 822 uns
455 772 580 824 mucoris
605 757 721 822 missus
746 756 809 833 est,
832 773 911 837 quaa
941 774 1013 820 uera
1039 756 1116 838 aput
1142 756 1263 838 patrem
1293 755 1423 836 precatio

309 887 392 941 ,.,.:u
415 881 492 942 curuo
514 881 534 926 u
554 860 619 923 lilio
641 859 695 942 qui
717 861 765 924 eet
787 859 902 923 ueritas
924 860 962 924 de
985 858 1052 924 eius
1079 877 1129 924 ore
1155 858 1276 941 prolata
1301 860 1369 923 est?
1391 860 1424 922 ut

298 984 389 1030 ‚atior
404 984 490 1029 orme
505 983 599 1046 uuam
613 961 718 1026 docuit
742 980 803 1027 non
830 961 1005 1044 ignorantia
1031 963 1098 1028 sola
1122 963 1165 1027 sit
1192 962 1246 1027 sed
1272 961 1304 1027 et
1329 961 1444 1043 culpa,⁵

297 1069 419 1150 nunilo
436 1069 501 1149 ipse
515 1067 653 1150 posuerit
667 1066 699 1130 et
713 1063 840 1129 dixerit:
863 1065 1020 1131 reicitis
1036 1067 1263 1131 mundatum
1276 1065 1364 1142 ilci,
1386 1065 1425 1128 ut

299 1173 555 1236 traditionem
577 1170 750 1234 uestram
774 1169 978 1234 statuatis.

264 1277 285 1338 3
340 1279 471 1342 oremus
485 1273 600 1356 itaquo,
616 1271 727 1337 fratres
742 1271 948 1350 dilectissimi,
965 1272 1046 1337 sicut
1057 1273 1208 1356 magister
1218 1273 1303 1337 Deus
1315 1271 1423 1336 docuit.

296 1381 396 1448 amica
411 1381 442 1444 et
457 1377 623 1443 familiaris
636 1377 735 1441 oratio
750 1377 798 1441 est
812 1375 913 1440 Deum
929 1375 967 1440 de
982 1393 1037 1440 suo
1052 1391 1176 1460 rogare,
1199 1375 1239 1440 ad
1258 1393 1348 1440 aures
1363 1375 1424 1441 eius

295 1483 458 1550 accolere
473 1480 591 1546 Christi
605 1480 786 1546 orationem.
810 1479 1063 1563 agnoscatpator
1082 1478 1141 1545 filii
1157 1480 1206 1545 sui
1223 1480 1333 1558 uerbo,
1357 1497 1453 1546 cumn

295 1605 417 1672 precum
443 1588 590 1653 facimus:
613 1587 667 1669 qui
681 1586 805 1652 habitat
820 1586 906 1651 intus
920 1586 952 1651 in
967 1589 1090 1668 pectore
1110 1587 1176 1669 ipse
1191 1587 1234 1652 sit
1249 1589 1283 1652 ct
1297 1588 1330 1652 in
1345 1604 1423 1664 uoce,

293 1695 327 1758 et
353 1709 424 1756 cum
449 1690 552 1772 ipsum
577 1689 743 1755 habeamus
770 1691 844 1772 aput
866 1690 988 1771 patrem
1014 1691 1201 1755 aduocatum
1226 1678 1424 1774 propeccatis

293 1795 424 1870 nstris,
447 1792 567 1876 quande
581 1794 755 1875 peccatores
770 1811 825 1875 pro
841 1791 964 1858 delictis
979 1793 1093 1857 nostris
1107 1794 1262 1874 petimus,
1286 1793 1422 1860 aduocati

294 1897 393 1964 nestri
408 1896 502 1962 uerba
517 1913 705 1980 promamus.
728 1915 801 1960 nam
822 1913 893 1960 cum
909 1895 1007 1961 dicat:
1042 1897 1135 1979 quia
1157 1896 1423 1980 quodcumque

294 1999 534 2085 petierimus
566 2017 586 2062 a
616 2001 728 2081 putre
760 2001 802 2064 in
837 1999 988 2064 nomine
1028 1999 1113 2064 eius
1155 2001 1266 2066 dabit
1302 1999 1451 2076 nobiae

291 2105 409 2188 oruouto
436 2101 591 2168 efficacius
616 2101 821 2184 impetramus
843 2102 924 2185 quod
947 2103 1083 2186 petimus
1099 2103 1218 2170 Christi
1242 2105 1375 2182 nomine,
1397 2102 1421 2168 si

293 2210 436 2291 petamus
451 2206 548 2289 ipsius
562 2205 723 2271 oratione?

261 2317 280 2380 t
337 2308 385 2375 Sit
399 2310 504 2374 autem
520 2310 681 2375 enantibus
696 2321 798 2376 sermo
811 2312 843 2376 et
856 2312 992 2393 precatio
1008 2331 1080 2377 cum
1102 2313 1269 2397 disciplina
1291 2313 1422 2396 quictem

294 2416 453 2481 continens
468 2415 500 2479 et
514 2415 672 2495 pudorem.
696 2415 869 2499 cogitemus
894 2433 949 2480 nos
976 2415 1034 2481 sub
1061 2417 1224 2500 conspectu
1249 2417 1311 2482 Dei
1337 2419 1421 2480 stare.

293 2517 477 2602 placendum
504 2519 551 2583 est
577 2518 693 2583 diuinis
719 2518 817 2583 oculis
843 2521 874 2584 et
900 2519 1010 2584 habitu
1025 2522 1160 2604 corporis
1176 2523 1207 2587 et
1222 2521 1316 2587 modo
1331 2519 1450 2583 uocisu

292 2641 366 2688 uum
393 2622 429 2685 ut
454 2621 633 2704 inpudentis
659 2623 707 2687 est
721 2623 910 2688 clamoribus
925 2625 1078 2707 strepere,
1102 2623 1148 2689 ita
1162 2625 1270 2690 contra
1286 2621 1422 2708 congruit

293 2725 465 2790 uerecundo
480 2724 628 2790 modestis
643 2725 786 2809 precibus
807 2745 902 2792 orare.
927 2728 1058 2809 denique
1080 2727 1263 2813 magisterio
1286 2746 1341 2792 suo
1362 2727 1421 2790 Do·

294 2827 397 2892 minus
412 2830 528 2893 secrete
543 2846 630 2893 orare
644 2848 698 2893 nos
714 2830 881 2912 praecepit,
899 2830 932 2895 in
949 2830 1065 2896 abditis
1081 2831 1114 2894 et
1128 2830 1257 2896 semotis
1274 2830 1365 2906 loeis,
1392 2829 1421 2891 in

291 2930 446 2996 cubiculis
462 2931 552 3013 ipsis,
575 2932 658 3013 quod
684 2933 787 3016 magis
814 2933 958 2998 conuenit
985 2932 1072 3011 fidei,
1096 2936 1134 2998 ut
1161 2933 1299 2998 sciamus
1325 2933 1420 2996 Deum

282 3031 408 3114 ubique
423 3051 487 3097 esse
502 3035 710 3116 praesentem,
734 3034 841 3100 audire
870 3053 978 3102 omnes
1004 3039 1036 3102 et
1062 3037 1168 3102 uidere
1194 3037 1226 3101 et
1251 3033 1421 3101 maiestatis
1430 3054 1451 3093 u

292 3155 368 3201 sune
393 3136 585 3218 plenitudine
611 3138 644 3203 in
670 3139 779 3203 abdita
804 3157 924 3221 quoquc
949 3143 980 3204 ct
1006 3141 1127 3207 occulto
1147 3143 1323 3223 penetrare,
1347 3137 1422 3202 siout

291 3239 444 3321 scriptum
470 3240 534 3304 est:
569 3257 636 3324 ego
665 3241 770 3308 Deus
799 3242 1074 3325 adproximuns
1102 3247 1139 3309 et
1166 3263 1238 3310 non
1261 3244 1361 3309 Deus
1382 3239 1421 3302 de

292 3341 519 3425 longinquo.
554 3344 586 3407 si
609 3344 869 3411 absconditus
902 3345 1024 3413 fuerit
1057 3348 1166 3414 homo
1198 3348 1238 3412 in
1272 3347 1421 3412 abscon·

291 3443 406 3520 ditis,
441 3463 510 3527 ego
532 3463 623 3530 ergo
646 3464 719 3512 non
741 3449 882 3515 uidebo
911 3455 1016 3516 cum?
1049 3470 1172 3516 nonne
1206 3451 1355 3516 caelum
1386 3447 1421 3509 et

292 3549 439 3614 terram
463 3568 531 3634 ego
554 3551 705 3633 inpleo?
727 3554 759 3617 ct
783 3554 913 3619 iterum:
942 3556 981 3620 in
1004 3555 1104 3621 omni
1126 3555 1212 3620 loco
1234 3553 1339 3620 oculi
1355 3547 1451 3616 Deio

291 3718 522 3860 mmlllglbatgh.
532 3721 601 3785 15,ss
614 3722 656 3790 (cs.
670 3723 750 3778 Marc.
766 3725 790 3790 7,
803 3725 847 3792 8.).
908 3726 941 3780 14
954 3727 991 3781 Io.
1005 3727 1044 3790 16,
1055 3727 1097 3780 23.
1156 3725 1190 3779 27
1204 3725 1278 3779 Hier.
1287 3723 1330 3786 23,
1340 3722 1373 3775 23
1382 3733 1418 3786 sq.

291 3807 299 3823 ⁶
391 3821 416 3858 u.
463 3847 503 3870 ,.

300 3943 359 4031 „¹
379 3943 529 4011 specialiter
545 3945 571 4000 G
647 3948 781 4018 spiritalis
793 3967 850 4004 esse
863 3951 913 4016 W,
936 3967 993 4005 osse
1005 3952 1093 4021 magis
1106 3951 1238 4022 spiritalis
1251 3967 1267 4004 v
1350 3946 1367 3999 3
1379 3927 1419 4000 ὦ

280 4030 380 4102 ¹spsG
449 4046 511 4084 uera
522 4035 565 4086 est
580 4033 617 4098 G,
637 4051 702 4089 uera
713 4036 830 4106 mugire
910 4038 1056 4100 ‹loreW‚
1076 4037 1197 4107 opercG
1264 4035 1419 4091 8dominns

292 4117 451 4189 Kratioper
502 4119 713 4177 9clominan
762 4123 889 4178 eiuscius
906 4123 943 4178 Θ*
997 4123 1030 4177 10
1046 4123 1192 4179 orationeo
1255 4121 1419 4192 agnoscitur

291 4207 421 4274 agnoscat
437 4205 538 4260 ΗΜ
624 4209 658 4263 16
675 4208 935 4278 inpetrabimusrec.
951 4209 1114 4280 Krobirryer
1201 4209 1230 4264 in
1247 4207 1369 4263 christis

289 4289 327 4344 20
344 4289 424 4344 modu
441 4292 474 4342 W
522 4292 556 4345 21
573 4296 666 4347 contra
681 4295 775 4349 Wat.
788 4295 1028 4359 rra2,econtraG
1078 4297 1113 4350 23
1131 4299 1258 4352 secretos
1310 4289 1416 4346 semotis

294 4376 334 4440 G,
351 4377 460 4431 secretis
477 4379 516 4432 W
565 4379 599 4433 26
617 4381 750 4436 incocti
802 4382 835 4436 27
854 4383 896 4436 est
908 4399 957 4436 ooo.
976 4382 1011 4436 W
