3025 4967
455 392 634 461 Epistulae
651 392 761 447 LXVI.
780 409 801 448 c
821 393 896 449 7-9.
1175 398 1238 464 733

112 547 208 613 ficata
222 548 325 614 fuerat
340 548 477 626 ecclesia,
504 549 651 615 ecclesiae
664 550 789 615 nomine
804 550 914 615 docens
928 552 960 615 et
980 551 1142 618 ostendens
1163 552 1236 633 quia

111 652 173 715 etsi
195 652 359 717 contumax
379 670 415 717 ac
429 652 559 734 superba
580 652 727 718 obaudire
747 653 922 718 nolentium
943 654 1114 719 multitudo
1136 653 1235 719 disce-

112 754 179 837 dat,
201 754 330 820 ecclesia
343 756 450 820 tamen
470 774 489 821 a
511 754 632 820 Christo
654 772 716 820 non
737 755 864 833 recedit,
888 757 919 821 et
941 755 991 820 illi
1013 756 1087 821 sunt
1108 756 1236 821 ecclesia

110 858 201 939 plebs
215 857 364 923 sacerdoti
379 857 516 923 adunata
530 860 562 924 et
575 859 692 940 pastori
707 875 762 923 suo
777 877 851 942 grex
866 859 1043 924 adhaerens.
1065 860 1146 924 unde
1158 860 1236 924 scire

97 962 206 1026 edebas
227 961 404 1044 episcopum
421 961 456 1027 in
475 962 604 1028 ccclesia
623 980 689 1027 esse
709 964 742 1028 et
761 962 923 1029 ecclesiam
943 964 976 1028 in
995 963 1136 1045 episcopo
1156 963 1189 1027 et
1208 962 1236 1026 si

112 1064 169 1146 qni
190 1082 262 1129 oum
283 1064 423 1147 episcopo
444 1082 506 1131 non
527 1066 569 1131 sit
589 1066 623 1131 in
643 1066 772 1132 ecclesia
798 1084 860 1131 non
881 1084 955 1145 esse,
979 1068 1011 1131 et
1033 1065 1149 1131 frustra
1174 1063 1235 1130 sibi

105 1167 243 1233 blandiri
264 1184 315 1232 eos
330 1167 384 1250 qui
398 1186 506 1251 pacem
521 1187 590 1233 cnm
607 1168 817 1235 sacerdotibus
831 1170 890 1234 Dei
905 1186 965 1234 nou
979 1168 1126 1234 habentes
1141 1169 1234 1232 obre·

106 1271 189 1352 punt
203 1270 236 1335 et
249 1270 381 1336 tatem
396 1270 478 1355 apud
493 1272 642 1353 quosdam
656 1272 886 1337 communicare
901 1290 934 1336 se
949 1271 1087 1348 credunt,
1109 1268 1231 1351 quando

107 1373 240 1439 ecclesia
258 1392 337 1457 quae
359 1375 513 1441 catholica
532 1394 595 1441 una
613 1377 662 1440 est
680 1375 778 1441 scissa
796 1392 857 1439 non
873 1375 916 1441 sit
931 1392 1028 1457 neque
1043 1374 1155 1451 diuisa,
1179 1372 1232 1438 sed

72 1500 100 1539 a
109 1476 157 1541 sit
170 1477 277 1559 ntique
291 1495 405 1544 conexa
419 1478 697 1544 etcohaerentium
711 1477 772 1542 sibi
787 1478 921 1543 inuicem
944 1476 1138 1543 sacerdotum
1160 1476 1232 1561 glu-

104 1579 174 1643 tino
189 1580 340 1662 copulata.
1019 1658 1023 1667 ,

148 1679 250 1759 Quam
276 1683 314 1749 ob
343 1702 425 1762 rem,
461 1684 573 1768 damn,
608 1685 635 1750 si
663 1684 861 1750 maiestatem
888 1684 947 1749 Dei
977 1684 1031 1766 qni
1060 1681 1264 1748 sacerdotesi

101 1784 230 1849 ordinat
253 1784 369 1851 Christi
398 1788 593 1872 cogitandis,
623 1788 651 1852 si
677 1786 835 1853 Christum
862 1786 915 1870 qui
941 1786 1069 1852 arbitrio
1096 1786 1128 1850 ot
1152 1786 1232 1851 nutu

101 1904 143 1951 ac
174 1888 345 1969 praesentia
381 1891 415 1954 ct
448 1890 637 1973 praepositos
673 1891 755 1973 ipsos
784 1891 816 1955 et
844 1889 1007 1955 ecclesiam
1037 1906 1109 1953 cum
1140 1906 1231 1971 prae-

65 1988 215 2071 rapositis
242 1991 395 2073 gobmnat
420 1992 585 2074 aliquando
609 1992 793 2076 respexeris,
820 1993 848 2057 si
876 1992 914 2057 de
935 1991 1107 2057 innocentia
1131 2008 1232 2056 sacer·

101 2092 215 2156 dotum
248 2110 309 2159 non
343 2095 477 2160 hnmano
510 2096 581 2161 odio
611 2096 665 2161 sed
696 2094 802 2161 diuino
832 2094 947 2161 iudicio
981 2094 1162 2176 credideris,
1204 2092 1232 2157 si

99 2194 291 2262 temeritatis
318 2200 352 2263 et
378 2198 539 2280 superbiae
565 2199 664 2281 adque
690 2198 872 2265 insolentiae
891 2198 963 2263 tuae
983 2217 1073 2283 agere
1094 2196 1146 2261 nel
1165 2211 1232 2261 sero

100 2299 326 2379 paenitentiam
345 2301 489 2382 coeperis,
510 2302 538 2365 si
553 2302 686 2367 Domino
707 2303 740 2367 et
753 2300 877 2367 Christo
898 2301 975 2379 eins,
996 2300 1108 2382 quibus
1129 2297 1231 2364 saruio

106 2400 268 2481 atquibus
282 2420 358 2485 puro
374 2404 474 2486 adque
487 2402 678 2470 inmaculato
693 2424 744 2469 ore
760 2403 911 2469 sacrificia
925 2406 958 2469 et
970 2404 1004 2468 in
1018 2402 1230 2486 persecutione

71 2505 227 2587 apparitor
251 2506 284 2570 et
307 2506 340 2570 in
365 2525 441 2590 pace
465 2506 672 2572 indesinenter
695 2506 800 2585 offero,
825 2506 1005 2590 plenissime
1032 2504 1227 2583 satisfeceris,

101 2608 394 2674 communicationis
409 2611 483 2674 tuae
497 2609 667 2692 poterimus
678 2610 791 2674 habere
802 2609 954 2674 rationem
966 2609 1109 2673 manente
1120 2610 1225 2673 tamen

100 2709 187 2791 apud
201 2726 256 2774 nos
271 2710 393 2775 diuinae
413 2729 557 2776 censurae
577 2712 719 2794 respectu
738 2713 770 2776 et
791 2712 887 2789 metu,
911 2712 942 2775 et
957 2710 1043 2792 prius
1058 2710 1226 2775 Dominum

152 3036 269 3091 lanato
345 3039 374 3090 et
386 3034 513 3090 ecclesiae
525 3036 553 3091 Β
628 3034 755 3089 ecclesiae
769 3036 876 3088 nomine
889 3050 938 3089 ora.
952 3048 968 3088 o
1048 3036 1075 3086 et
1087 3030 1229 3085 ostendens

98 3137 153 3176 oua
164 3121 208 3176 Po
274 3120 445 3191 dachnisto]
459 3120 692 3175 christianornmo
761 3122 825 3174 sunt
837 3119 963 3173 aeclesiae
976 3118 1040 3182 BN,
1055 3118 1102 3187 qni
1113 3117 1225 3171 ecclesia

99 3208 167 3259 aunt
177 3206 213 3259 Η
291 3206 349 3259 det
360 3205 436 3274 plebs
448 3207 492 3261 Po
577 3222 640 3275 grex
652 3222 702 3261 osa
716 3207 744 3259 B
828 3205 886 3259 oin
898 3220 947 3259 ora.
961 3205 987 3259 Β
1073 3202 1223 3271 ecclesiam]
1261 3276 1264 3283 Ι

97 3290 213 3345 ecclesia
223 3290 323 3346 BL¹P
476 3290 770 3361 episcopolepiscopurn
781 3290 948 3355 HDNPT,
967 3290 1148 3358 episcopatum
1162 3288 1190 3341 Β

95 3377 135 3447 etl
150 3379 182 3430 nt
193 3378 225 3431 Η
342 3377 433 3445 dqnis
444 3377 557 3431 nove
671 3377 700 3431 in
712 3392 762 3431 ona
775 3376 804 3431 B
918 3374 986 3444 asse]
998 3378 1041 3429 cst
1052 3374 1193 3429 BLNPT

94 3462 249 3517 iblandire
261 3461 289 3517 B
395 3463 413 3517 8
424 3462 529 3531 quando
541 3462 570 3516 in
583 3464 626 3518 Η1
727 3463 745 3518 9
757 3462 947 3531 ecclesiamque
960 3462 988 3516 B
1091 3459 1226 3514 catholica

94 3564 167 3617 quae
178 3548 241 3604 HV
375 3548 840 3617 maBHLNPT01V,ecmao²e
977 3548 1069 3617 scissa]
1082 3545 1191 3600 sciasB

93 3650 150 3688 non
161 3650 183 3687 s.
195 3650 223 3690 n.
235 3632 323 3688 diuisa
335 3649 386 3688 oua
399 3634 427 3688 Β
563 3634 611 3703 sit]
623 3636 665 3689 est
677 3635 712 3689 H
845 3632 879 3687 10
890 3633 929 3687 sit
941 3648 976 3687 coc
988 3632 1012 3685 si
1024 3632 1059 3697 P,
1071 3648 1121 3686 om.
1135 3630 1193 3685 BV

93 3720 193 3787 utique
203 3734 254 3774 oea
266 3719 305 3785 11,
317 3720 349 3773 tn
361 3733 428 3787 qnae
442 3719 469 3774 Β
554 3719 649 3773 conixa
662 3720 724 3784 BL,
736 3718 790 3773 dna
801 3717 833 3772 H
918 3721 946 3771 et
958 3734 1007 3773 oon.
1021 3718 1050 3771 B
1143 3716 1177 3770 12
1189 3716 1223 3787 si]

95 3808 157 3859 sine
171 3804 199 3859 T
297 3805 350 3874 dei]
363 3804 406 3859 dei
418 3807 447 3858 et
458 3804 555 3859 christi
566 3805 602 3858 Η
700 3806 757 3875 qui]
771 3820 838 3874 quae
849 3805 877 3859 Β
980 3804 1013 3859 13
1023 3806 1050 3857 et
1062 3802 1159 3856 christi
1171 3803 1222 3867 Po,

93 3907 147 3946 osa
161 3872 211 3946 Ήυ
289 3891 385 3947 christi
402 3891 429 3946 V
505 3892 701 3961 inpraesentia
713 3907 764 3946 sna
774 3892 844 3955 Noc,
863 3891 1026 3961 paesentiam
1038 3890 1066 3945 L
1141 3892 1224 3958 prisca

91 3980 123 4031 et
135 3992 187 4031 orsa.
200 3976 263 4032 ΒΗ
339 3976 451 4031 ecclesia
462 3978 491 4032 Β
576 3978 610 4031 15
621 3978 771 4047 gubernata
783 3977 810 4031 L
889 3978 1022 4045 respueris
1030 3976 1065 4041 Β,
1079 3976 1222 4045 resipueris

91 4062 196 4131 LNP;
206 4063 271 4129 fort.
285 4068 359 4118 recte
455 4064 487 4117 17
499 4066 562 4119 tuae
574 4079 624 4119 ona
637 4064 666 4120 B
759 4064 793 4117 18
803 4064 971 4133 paenitentia
983 4064 1011 4116 B
1095 4062 1143 4117 deo
1156 4079 1188 4117 oo

92 4147 336 4218 quibus-quibus]
355 4150 521 4204 cui-cuiN
665 4149 699 4204 19
711 4148 874 4202 sacriflcoH
1017 4148 1167 4217 idparitcr
1183 4146 1222 4216 et]

91 4235 197 4303 pariter
208 4235 236 4289 P
359 4236 393 4289 21
405 4235 537 4290 rationem
549 4234 676 4290 haberao
799 4234 834 4289 22
845 4236 994 4303 respectum
1008 4235 1036 4287 et
1047 4236 1147 4288 metum
1160 4234 1186 4287 L

90 4320 122 4371 et
134 4317 339 4385 BHLNPTV,
351 4322 383 4373 ut
394 4336 429 4376 oo
