3025 4967
324 416 408 467 xcv1
724 399 870 455 Caecilii
887 398 1050 469 Cypriani

323 554 395 619 tum
415 555 554 639 apostolo
574 554 671 621 etiam
693 554 894 622 ordinationis
915 554 1028 620 honore
1044 553 1242 620 similaretur.
1264 554 1329 619 erat
1343 554 1442 621 uidere

324 659 441 725 ceteros
456 678 561 725 omnes
575 677 721 740 suspenso
732 660 764 723 et
775 658 864 723 anxio
879 658 993 741 spiritu
1008 658 1167 742 expectare
1183 660 1360 736 uenturum,
1376 676 1443 723 curn

325 763 438 846 gaudio
452 763 550 827 nimio
565 762 704 845 excipere
717 762 902 827 uenientem.
920 762 1040 827 inuitus
1053 762 1131 845 dieo,
1148 760 1201 826 sed
1213 761 1316 825 dicam
1326 779 1443 827 neomse

325 865 382 930 est,
404 864 532 947 quidam
552 864 602 928 illi
616 864 798 929 restiterunt
814 865 845 929 et
859 866 896 929 ut
910 864 1063 929 uinceret:
1085 864 1197 946 quibus
1212 865 1318 929 tamen
1332 864 1444 945 quanta

324 967 453 1032 lenitate
474 966 651 1051 patientiae,
673 986 767 1049 quam
781 965 992 1032 beniuolenter
1007 967 1149 1045 indulsit,
1172 985 1265 1049 quam
1280 966 1461 1037 clementem

324 1068 454 1154 ignouit,
481 1069 686 1134 amicissimos
707 1088 759 1135 eos
781 1070 979 1151 postmodum
1001 1072 1032 1135 et
1052 1070 1133 1135 inter
1155 1069 1341 1135 necessarios
1365 1088 1444 1132 corn-

325 1174 438 1254 putans
452 1173 640 1239 mirantibus
654 1173 776 1237 multis.
792 1173 843 1239 cui
858 1173 941 1239 enim
955 1174 1059 1255 posset
1072 1191 1133 1238 non
1144 1190 1210 1237 esse
1221 1171 1370 1238 miraculo
1382 1174 1443 1236 tam

325 1276 525 1341 memoriosae
539 1275 654 1340 mentis
667 1275 807 1340 obliuio?

295 1381 316 1444 ⁸
367 1378 486 1442 Exinde
522 1378 783 1459 quemadmodum
812 1396 845 1442 se
873 1378 1013 1461 gesserit,
1049 1379 1118 1462 quis
1148 1380 1260 1445 referre
1294 1378 1444 1445 sufficiat?

326 1500 404 1564 quae
418 1482 468 1546 illi
483 1482 594 1565 pietas,
618 1481 671 1565 qui
686 1482 786 1565 uigor,
808 1481 1019 1548 misericordia
1034 1484 1158 1566 quanta,
1179 1483 1295 1565 quanta
1310 1500 1443 1548 censura.
1454 1510 1474 1548 o

325 1583 451 1650 tanturn
471 1585 645 1649 sanctitatis
666 1584 699 1648 et
718 1583 838 1668 gratiae
859 1601 895 1648 ex
915 1600 966 1648 ore
981 1585 1114 1664 lucebat,
1135 1586 1172 1650 ut
1186 1584 1386 1650 confunderet
1401 1584 1445 1649 in-

325 1687 482 1752 tuentium
496 1690 625 1753 mentes.
641 1689 748 1772 grauis
764 1688 871 1753 uultus
887 1691 919 1754 et
929 1689 1030 1755 laetus
1045 1708 1101 1754 nec
1116 1675 1265 1753 secentas
1279 1689 1382 1754 tristis
1396 1706 1447 1752 nec

326 1790 456 1855 comitas
466 1790 573 1868 nimia,
584 1792 639 1856 sed
649 1791 788 1855 admixta
799 1792 956 1874 utrimque
966 1792 1140 1875 temperies,
1152 1795 1188 1858 ut
1200 1794 1281 1858 esset
1293 1791 1447 1875 ambigere

326 1894 427 1958 uereri
439 1913 478 1959 an
489 1894 581 1977 diligi
596 1896 775 1971 mereretur,
789 1894 850 1959 nisi
865 1894 947 1977 quod
960 1896 992 1959 et
1004 1895 1103 1959 uereri
1115 1894 1146 1959 et
1158 1894 1249 1979 diligi
1263 1894 1446 1959 merebatur.

327 1996 382 2061 sed
401 2016 457 2061 nec
477 1998 581 2062 cultus
595 1996 657 2062 fuit
671 1997 777 2079 dispar
791 2016 809 2061 a
823 1997 925 2074 uultu,
947 1999 1138 2081 temperatus
1154 2000 1186 2063 et
1201 1999 1267 2081 ipse
1282 1998 1320 2063 de
1336 1996 1444 2063 medio.
1456 2014 1489 2065 o*

326 2116 388 2164 non
408 2100 501 2164 illum
523 2099 666 2181 superbia
688 2100 852 2164 saecularis
873 2099 1045 2181 inflauerat,
1067 2119 1122 2165 nec
1136 2100 1242 2166 tamen
1256 2118 1381 2183 prorsus
1396 2100 1448 2165 ad·

328 2201 442 2266 iactata
455 2202 583 2283 penuria
597 2201 787 2267 sordidaret:
803 2203 876 2285 quia
891 2203 923 2267 et
936 2202 994 2267 hoe
1008 2202 1143 2267 uestitus
1158 2220 1256 2286 genus
1270 2222 1289 2266 a
1302 2202 1447 2267 iactantia

328 2305 432 2371 minue
454 2325 514 2371 non
534 2308 591 2389 est,
613 2306 696 2388 quod
716 2306 852 2371 ostendit
872 2306 979 2370 taliter
994 2305 1160 2371 ambitiosa
1174 2304 1349 2390 frugalitas.
1377 2305 1447 2388 quid

328 2409 434 2473 autem
455 2408 536 2475 circa
555 2427 705 2492 pauperes
726 2408 885 2492 epiecopus
903 2406 1027 2487 faceret,
1050 2427 1125 2491 quos
1146 2411 1362 2474 catecumenos
1377 2408 1447 2475 dili·

329 2511 445 2595 gebat?
470 2511 607 2576 uiderint
631 2509 757 2595 pietatis
783 2510 941 2577 antistites
966 2531 1021 2577 seu
1047 2530 1123 2595 quos
1149 2513 1188 2578 ad
1215 2512 1354 2578 officium
1378 2512 1477 2576 borio

328 2615 428 2697 operis
457 2614 606 2679 instruxit
634 2616 731 2697 ipsius
756 2615 873 2680 ordinis
899 2616 1063 2698 disciplina
1088 2635 1142 2682 seu
1167 2635 1243 2711 quos
1269 2614 1450 2682 sacramenti

328 2717 439 2801 religio
459 2718 632 2783 communis
653 2717 693 2783 ad
707 2718 892 2801 obsequium
915 2717 1103 2783 exhibendae
1123 2718 1297 2783 dilectionis
1318 2718 1448 2783 artauit:

329 2820 517 2905 cyprianum
532 2820 570 2886 de
585 2839 638 2886 suo
653 2822 751 2887 talem
767 2822 885 2905 aceepit
900 2822 1055 2901 cathedre,
1071 2839 1132 2887 non
1146 2821 1229 2887 fecit.

382 3062 397 3113 1
411 3061 575 3115 similaretur
586 3060 622 3125 F,
633 3061 767 3115 similaret
782 3062 861 3130 TpL,
873 3061 1013 3115 simularet
1026 3078 1051 3115 w
1170 3063 1187 3115 2
1199 3062 1408 3132 omnes].0esinis
1422 3061 1451 3123 T,

329 3160 379 3200 ora.
395 3147 652 3214 tiaspatc'ouacuo
801 3164 939 3217 suspensos
951 3149 1027 3201 anxio
1039 3164 1084 3216 cop
1238 3148 1420 3201 3inm'ctusro

328 3232 346 3285 4
357 3232 535 3286 restituerunt
545 3236 603 3301 ωμι
722 3237 754 3287 ut
766 3236 793 3287 et
805 3234 837 3297 T,
851 3235 878 3286 et
890 3250 942 3304 wp,
955 3234 1038 3287 etiam
1049 3236 1109 3287 uto
1232 3234 1408 3303 operiendae
1423 3233 1450 3295 T,

329 3317 463 3387 patienter
474 3334 527 3387 cop,
539 3333 619 3385 quam
630 3319 763 3387 patienter
774 3335 791 3372 c
931 3319 946 3372 ‘l
960 3318 1012 3388 cui]
1024 3318 1055 3373 ui
1070 3320 1095 3373 T
1231 3335 1282 3372 non
1295 3322 1384 3387 posset
1396 3335 1420 3371 rc

329 3403 347 3457 9
358 3420 386 3457 se
398 3419 446 3457 om.
461 3402 530 3471 Twp
621 3404 682 3472 quis
694 3419 729 3457 ex
740 3403 787 3472 qui
800 3423 819 3472 μ
831 3420 864 3457 m.
877 3408 895 3457 2
989 3404 1023 3457 10
1034 3403 1084 3457 ille
1097 3404 1121 3457 T
1211 3404 1267 3474 qui]
1281 3404 1327 3473 qui
1340 3404 1385 3457 illi
1397 3423 1419 3455 rc

332 3489 528 3543 misericordiae
539 3506 583 3559 cop
669 3492 772 3557 quanta
784 3506 832 3543 cm.
850 3490 918 3553 Twp
1011 3490 1043 3544 11
1056 3490 1158 3559 tamen]
1169 3492 1276 3543 mutum
1288 3508 1311 3543 rc
1398 3488 1451 3558 ore]

330 3592 375 3631 ore
387 3578 473 3632 eiuro
626 3577 777 3631 inuentium
789 3578 891 3630 mentes
906 3580 936 3641 T,
954 3576 1092 3631 hominum
1105 3580 1207 3631 mentes
1219 3577 1384 3631 intuentium
1396 3594 1420 3629 co

330 3665 364 3718 12
375 3663 431 3733 nec]
444 3679 477 3716 ne
492 3664 517 3718 T
624 3662 658 3716 13
670 3662 716 3715 aed
727 3679 776 3717 orn.
790 3679 815 3716 w
826 3668 898 3717 recte
908 3662 972 3727 fort.
1083 3664 1224 3731 utrumque
1238 3664 1268 3727 T,
1282 3664 1406 3731 utquam
1420 3678 1451 3724 ro,

331 3737 423 3819 utqp
538 3747 777 3817 14m1p1usano
891 3750 1043 3801 mereturw
1154 3748 1286 3817 etucreri]
1299 3748 1420 3802 uereriec

331 3836 365 3889 15
377 3836 501 3905 disperw
608 3834 642 3887 16
654 3833 749 3887 affecta
760 3835 815 3887 iam
827 3854 846 3901 μ
955 3833 987 3887 17
1000 3834 1147 3887 sordiderat
1159 3834 1195 3887 Τι
1298 3834 1334 3903 et]
1349 3834 1420 3888 adeo

331 3921 523 3976 uestimentiw
616 3920 641 3991 a]
655 3922 718 3974 etro
817 3920 850 3974 18
861 3919 932 3991 quod
947 3920 1033 3985 ΤΠ,
1045 3936 1124 3989 qnam
1136 3936 1198 3988 wpo
1291 3920 1410 3974 ostendit
1423 3918 1453 3980 Τ,

331 4010 452 4063 ostentat
461 4007 524 4071 ΤΕ,
535 4005 690 4060 obstentata
701 4024 734 4071 w,
745 3993 841 4061 obtata
852 4027 880 4076 μ,
895 4009 1058 4061 ostentatae
1172 4006 1252 4060 aliter
1266 4008 1292 4061 Τ
1401 4004 1452 4058 ira·

333 4094 433 4165 galitas
446 4093 477 4157 T,
488 4092 626 4163 fragilitas
637 4092 690 4147 Fw
799 4093 832 4148 19
845 4094 979 4163 episcopos
992 4094 1018 4147 Τ
1124 4092 1244 4147 lacerecc
1354 4091 1452 4145 caticu-

334 4180 460 4234 minusT
554 4178 705 4249 diligebant
718 4181 744 4235 T
845 4178 1025 4233 20uideritw
1123 4178 1237 4235 antistes
1249 4195 1280 4243 rc,
1295 4176 1409 4232 antestis
1423 4177 1453 4237 T,

334 4269 383 4320 ant
394 4265 469 4319 ctist
553 4265 734 4336 eeu]eseeseu
747 4266 773 4319 T
854 4266 927 4334 qnos]
941 4265 1013 4334 quod
1024 4282 1067 4335 cop
1156 4264 1190 4319 21
1203 4263 1364 4334 quos]qucd
1376 4280 1420 4332 cop

334 4351 528 4421 bimetauitp
629 4350 978 4421 23accipiteathedramT
