3025 4967
429 415 607 486 Epistulae
625 413 794 470 LXXIIII.
812 430 833 468 c.
851 415 926 468 3-5.
1172 414 1238 480 803

109 574 166 638 tur
181 573 320 638 innoucti
338 574 370 637 et
387 571 570 637 smeuficcu
584 570 769 648 iudicentur,
785 587 839 634 cur
853 587 914 634 non
924 569 958 634 in
969 569 1109 634 eiusdem
1119 565 1235 632 Christi

112 677 237 740 nomine
258 675 325 740 illic
340 676 371 740 et
384 693 494 740 munus
513 673 669 756 baptizato
685 673 844 755 inponitur
858 671 900 736 oi
914 671 1128 754 accipiendum
1142 670 1236 754 spiri-

114 779 184 843 tum
207 779 359 856 sanctum,
383 794 438 841 cur
457 795 518 841 non
538 776 645 842 eadem
667 775 805 840 eiusdem
828 775 974 840 maiestas
994 774 1127 840 nominis
1146 793 1237 856 praes

112 880 199 944 ualet
213 880 246 944 in
260 897 371 946 munus
384 879 569 962 inpositione
585 898 679 961 quum
693 877 829 942 ualuisse
844 877 1034 942 contendunt
1044 877 1077 942 in
1088 877 1237 959 baptismi

86 981 377 1048 esunctificetione?
392 1001 465 1046 nom
476 981 504 1045 si
515 982 618 1062 potest
631 981 685 1063 qui
701 982 787 1046 extro
801 981 962 1047 ecclesiam
975 982 1067 1047 nctus
1082 981 1238 1062 templum

112 1083 173 1148 Dei
193 1083 270 1163 fieri,
292 1104 346 1150 cur
367 1103 427 1149 non
446 1084 545 1167 possit
566 1101 658 1166 super
678 1085 832 1166 templum
847 1085 880 1148 ot
893 1084 1022 1165 spiritns
1042 1085 1166 1148 sanctos
1185 1084 1236 1148 in-

113 1186 225 1251 fundi?
245 1187 299 1270 qui
320 1186 403 1252 enim
423 1187 559 1270 peccetis
574 1185 607 1251 in
621 1186 778 1268 baptismo
799 1186 945 1268 expositis
964 1185 1173 1252 sanctificatus
1188 1189 1236 1252 est

112 1292 145 1356 ot
168 1291 201 1354 in
223 1308 339 1356 nouum
362 1290 518 1354 hominem
540 1289 723 1378 spirituliter
745 1288 939 1368 reformatus,
962 1289 1003 1354 cd
1024 1287 1236 1372 accipiendum

112 1394 260 1476 spiritum
287 1395 428 1458 sanctum
455 1393 582 1458 idoneus
609 1392 709 1458 fectus
732 1394 789 1471 est,
815 1393 937 1475 quondo
958 1393 1114 1474 apostolus
1136 1392 1233 1458 dicct:

76 1498 305 1578 ¹0qnotqnot
335 1497 374 1560 in
401 1494 558 1561 Christo
587 1496 783 1578 baptizoti
812 1496 925 1574 estis,
955 1493 1152 1560 Christum
1180 1495 1234 1560 in-

111 1599 269 1664 duistis.
296 1599 349 1680 qui
375 1599 478 1681 potest
502 1599 584 1682 apud
609 1598 780 1664 haereticos
805 1598 980 1680 baptizatus
1002 1597 1161 1664 Christum
1184 1599 1233 1663 in·

115 1701 218 1780 duero,
234 1701 334 1766 multo
349 1701 451 1784 magis
466 1701 567 1783 potest
582 1700 728 1782 spiritum
744 1701 885 1765 sanetum
895 1700 1135 1783 quemchristus
1147 1703 1236 1768 misit

113 1805 261 1887 accipere.
275 1807 412 1870 cetorum
427 1804 525 1870 maior
539 1804 599 1869 erit
614 1804 762 1869 mittente
776 1805 830 1885 qui
845 1805 959 1868 missus
975 1807 1031 1884 ost,
1053 1808 1090 1870 ut
1104 1805 1235 1890 incipiat

111 1906 188 1972 foris
199 1907 374 1990 baptizatus
387 1907 545 1972 Christum
561 1907 686 1990 quidem
700 1907 846 1985 induisse,
863 1905 917 1972 sod
930 1910 1073 1972 sonetum
1088 1909 1235 1991 spiritum

74 2034 100 2070 re
111 2028 173 2075 non
192 2011 329 2094 potuisse
351 2010 514 2094 percipere,
538 2010 626 2094 quasi
640 2011 738 2092 possit
753 2011 809 2076 sot
822 2010 889 2075 sine
903 2010 1016 2092 spirito
1030 2009 1170 2076 Christus
1184 2012 1235 2076 in-

112 2113 168 2178 dui
179 2115 235 2179 eut
246 2133 264 2178 c
276 2111 397 2178 Christo
413 2114 541 2197 spiritus
557 2113 701 2195 separari.
716 2112 799 2177 illud
813 2131 933 2195 quoqne
946 2113 1098 2195 ineptum,
1114 2114 1150 2179 ut
1162 2134 1234 2180 cum

112 2216 263 2280 natiuites
288 2216 421 2281 secundo
447 2215 596 2298 spiritalis
622 2217 674 2294 sit,
701 2235 763 2298 quo
787 2217 819 2281 in
847 2215 969 2281 Christo
994 2235 1049 2298 per
1073 2216 1233 2282 laneorum

111 2319 353 2402 regenerationis
368 2320 533 2398 noscimur,
558 2319 662 2384 dicmt
676 2319 757 2401 quod
772 2318 870 2400 possit
885 2319 955 2401 quis
970 2320 1051 2400 apud
1065 2320 1235 2386 haereticos

110 2421 295 2503 spiritaliter
305 2422 399 2498 nosci,
415 2421 468 2485 nbi
482 2421 628 2504 spiritum
642 2423 756 2504 negent
771 2440 845 2487 esse.
862 2423 1086 2503 peccauerim
1100 2438 1234 2507 purgare

71 2526 142 2589 sect
163 2525 322 2590 hominem
348 2525 536 2590 sanctificare
564 2543 644 2607 equo
668 2526 734 2591 sole
759 2545 820 2591 non
844 2527 957 2609 potest,
982 2525 1043 2590 nisi
1069 2526 1181 2590 habeat
1202 2529 1235 2590 et

110 2627 259 2710 spiritum
284 2631 434 2693 sanctum.
463 2646 558 2710 quare
583 2629 638 2693 aut
665 2629 696 2692 et
719 2628 864 2710 spiritum
888 2647 1010 2694 necesso
1035 2631 1083 2694 est
1105 2631 1141 2693 ut
1163 2648 1237 2694 con-

110 2731 221 2794 cedant
242 2748 307 2794 esee
326 2730 394 2795 illie
414 2730 469 2794 ubi
484 2730 640 2811 baptismo
655 2749 720 2796 esse
735 2731 853 2809 dicunt,
876 2733 932 2796 aut
946 2750 1002 2796 nec
1016 2732 1172 2814 baptismo
1186 2735 1236 2798 est

110 2832 166 2897 nbi
187 2833 315 2916 spiritus
335 2851 395 2898 non
416 2833 472 2910 est,
493 2833 567 2914 quis
587 2833 743 2915 baptisma
758 2852 823 2897 csse
838 2835 903 2898 eino
917 2834 1031 2917 spiritu
1045 2853 1106 2899 non
1120 2837 1175 2917 pot
1208 2838 1232 2900 t.

213 2983 247 3037 10
265 2983 323 3038 Gal.
343 2985 367 3048 3,
384 2983 428 3039 27.

163 3120 528 3192 liudicencur]dicentur13
606 3162 612 3171 .
632 3137 678 3175 cnr
690 3138 742 3175 non
755 3139 805 3176 cero
820 3123 942 3191 BLPT;
954 3140 1008 3178 non
1018 3124 1102 3178 eruo
1204 3125 1233 3178 in

106 3223 159 3260 om.
173 3206 201 3260 Β
302 3195 393 3261 inem
409 3210 433 3262 T
530 3208 654 3261 adeunt
671 3208 693 3263 0
795 3208 875 3261 3non
884 3216 947 3276 post
957 3208 1198 3265 meminisset&

106 3291 199 3346 oedem
213 3309 262 3346 orn.
280 3294 302 3348 0
420 3293 537 3347 eiusdem
550 3308 599 3347 om.
613 3294 669 3348 BP
787 3295 934 3348 inoluisse
949 3295 984 3350 0¹
1103 3295 1233 3348 truncti-

109 3377 263 3432 ficsticncm
275 3379 303 3432 Β
405 3380 465 3446 quis
481 3379 557 3434 omo
659 3383 739 3432 notus
752 3382 794 3433 est
805 3379 833 3433 Β
944 3381 1019 3434 sscur
1031 3381 1058 3434 P
1068 3397 1090 3435 s.
1103 3381 1120 3434 i.
1133 3385 1199 3435 m.2

107 3464 126 3516 8
139 3463 301 3517 reformetur
313 3464 340 3518 Β
459 3463 504 3534 ud]
517 3481 563 3518 cnr
574 3464 609 3518 od
625 3466 704 3520 Ocur
715 3481 737 3519 s.
750 3467 767 3518 l.
888 3465 905 3518 9
918 3465 1026 3520 idoneus
1041 3468 1067 3521 T
1180 3465 1232 3533 est]

110 3553 217 3604 nonest
233 3550 319 3606 Onon
330 3567 353 3604 s.
365 3551 382 3605 t.
469 3551 583 3622 quando]
596 3569 656 3606 cum
671 3555 696 3608 Τ
704 3553 736 3606 in
747 3569 802 3606 rus.
895 3552 929 3606 10
941 3552 1081 3621 quodquod
1097 3553 1188 3609 G¹PT
1192 3554 1198 3582 ¹

109 3635 242 3688 christum
256 3637 283 3690 Β
394 3638 427 3691 11
439 3636 591 3706 baptizatos
604 3638 629 3690 Τ
730 3636 832 3691 christo
844 3637 877 3692 0¹
989 3639 1022 3692 13
1034 3638 1147 3708 incipias
1164 3639 1197 3693 0¹

112 3721 145 3774 14
157 3721 285 3791 neusse]
299 3721 431 3776 inruetis
449 3724 587 3778 cocart
702 3706 909 3791 sffisffnnce
1025 3723 1201 3778 romense

111 3807 144 3859 16
156 3811 204 3861 ont
217 3807 271 3860 Te.
285 3808 303 3861 l.
397 3824 474 3862 com.
488 3809 516 3862 P
609 3809 720 3877 christo]
733 3793 823 3862 emec
835 3792 882 3877 ph
893 3809 916 3864 0
1008 3811 1130 3878 ineptum
1141 3813 1184 3863 est
1196 3810 1233 3874 B,

110 3891 186 3961 inept
198 3909 258 3960 exp.
273 3893 301 3958 C,
315 3909 395 3961 quom
408 3893 526 3963 ineptum
540 3897 609 3950 esto
721 3897 753 3950 ut
765 3911 826 3962 exp.
844 3895 867 3949 C
974 3895 1006 3948 17
1019 3896 1080 3965 qno]
1094 3896 1158 3964 quio
1170 3896 1198 3949 Β

110 3977 280 4046 19spiritnm
351 3979 422 4033 enim
434 3981 628 4034 censuras.
696 3981 901 4050 ncgnntBGTc
969 3981 1059 4035 eous.
1072 3984 1201 4037 etcm.T

109 4063 144 4116 21
156 4066 278 4116 sommum
290 4079 339 4118 orn.
356 4065 379 4120 0
480 4081 559 4133 quere
572 4083 596 4120 c.
609 4070 638 4120 et
649 4067 776 4135 spiritum
787 4083 836 4120 om.
853 4067 901 4119 ΟΡ
996 4067 1053 4136 cut]
1067 4069 1157 4121 entem
1169 4068 1198 4121 Β

110 4151 137 4201 ot
149 4167 209 4218 exp.
226 4151 256 4212 T,
270 4165 349 4205 oruc
434 4152 558 4220 spiritum
572 4156 721 4208 sonetumc
803 4156 834 4206 nt
845 4168 895 4206 om.
912 4153 950 4207 Oc
1030 4153 1158 4208 concedet
1170 4154 1198 4207 Β

109 4219 421 4305 iuhucesese‘n‘r‘spffi
433 4221 622 4307 Oscmspffis.
635 4240 652 4292 t.
740 4237 898 4308 23spiritus
911 4241 1047 4293 sanctusc
1134 4239 1235 4307 spiritu

112 4325 229 4377 souctou

955 4411 1027 4475 51*
