3025 4967
286 393 350 458 238
690 389 835 446 Caecilii
853 387 1013 458 Cypriani

288 549 352 627 est,
375 549 408 615 in
431 567 523 632 quom
546 564 578 612 se
601 547 699 614 semol
714 545 881 613 credidisse
896 543 1033 610 confessa
1048 543 1110 608 ost:
1133 541 1282 606 inlustres
1306 556 1416 604 manus

288 672 366 736 quae
386 671 447 719 non
468 652 530 716 nisi
551 651 668 716 diuinis
689 650 832 733 operibus
855 647 1058 713 adsueuerant
1080 643 1239 712 sacrificis
1254 641 1413 726 sacrilegis

287 756 482 822 restiterunt:
504 754 696 821 sanctificata
710 772 763 820 ora
778 751 962 819 caelestibus
978 749 1055 814 cibis
1070 749 1140 831 post
1155 765 1264 830 corpus
1290 747 1321 811 et
1346 763 1417 812 san-

288 861 414 945 guinem
435 858 562 924 Domini
582 857 710 941 profana
732 856 874 940 contagia
896 857 928 921 et
948 853 1104 921 idolorum
1124 851 1271 935 reliquias
1292 855 1417 932 resp'ue·

288 962 378 1027 runt:
401 961 440 1026 ab
461 960 546 1044 inpio
568 959 776 1044 sceleratoque
798 959 953 1025 uelamine
967 976 1027 1041 quo
1042 956 1110 1021 illic
1124 954 1308 1022 uelabantur
1322 952 1417 1020 sacri·
1438 975 1449 1016 ε

287 1064 449 1129 ficantiam
471 1065 573 1146 capita
595 1065 720 1146 captiua
741 1065 834 1146 caput
856 1064 996 1128 uestrum
1018 1060 1153 1126 liberum
1174 1059 1304 1124 mansit:
1333 1055 1417 1122 frons

288 1187 361 1233 cum
375 1167 463 1251 signo
478 1166 537 1232 Dei
550 1186 629 1250 pura
643 1166 759 1232 diaboli
775 1183 918 1232 coronam
933 1163 1012 1230 ferre
1026 1179 1087 1228 non
1101 1162 1220 1245 potuit,
1243 1177 1369 1226 coronae
1384 1176 1416 1224 se

287 1269 413 1334 Domini
428 1269 608 1335 reseruauit.
631 1289 726 1353 quam
739 1287 796 1334 uos
811 1269 892 1333 laeto
907 1267 977 1333 sinu
992 1266 1106 1348 excipit
1120 1266 1220 1331 mater
1234 1263 1364 1329 ecclesia
1378 1261 1415 1327 de

287 1373 402 1453 proelio
428 1374 632 1439 reuertentes!
666 1392 762 1456 quam
787 1372 893 1451 beata,
928 1389 1022 1454 quam
1048 1369 1186 1453 gaudens
1215 1369 1319 1450 portas
1348 1384 1417 1431 suas

288 1474 406 1556 aperit,
429 1475 466 1540 ut
480 1475 624 1541 adunatis
639 1475 818 1560 agminibus
833 1474 956 1539 intretis
971 1474 1008 1538 do
1022 1474 1110 1538 hoste
1124 1470 1277 1555 prostrato
1293 1471 1449 1552 tropaeam

287 1575 468 1643 referentes!
492 1596 564 1658 cum
586 1577 852 1660 triumphantibus
874 1576 951 1642 uiris
973 1577 1005 1642 et
1027 1575 1160 1640 feminac
1185 1573 1314 1640 ueniunt
1341 1589 1417 1655 quae

287 1697 359 1743 cum
373 1680 495 1745 saeculo
511 1697 752 1764 eorumquoque
773 1681 924 1746 uicerunt.
948 1678 1077 1745 ueniunt
1100 1679 1131 1744 et
1152 1676 1310 1764 geminata
1333 1673 1417 1740 mili·

287 1779 350 1846 tiao
375 1799 449 1848 suaa
473 1782 574 1868 gloria
600 1783 738 1868 uirgines
761 1785 793 1850 et
812 1783 900 1866 pueri
915 1799 1009 1849 annos
1024 1799 1096 1848 suos
1111 1780 1283 1846 uirtutibus
1298 1780 1417 1844 banse-

288 1886 386 1951 untcs.
409 1905 466 1952 nec
489 1903 551 1952 non
573 1888 605 1952 et
629 1889 731 1953 cetera
756 1887 908 1953 stantium
928 1885 1098 1951 multitudo
1123 1883 1260 1950 uestram
1286 1880 1418 1967 gloriam

287 1987 443 2069 sequitur,
465 1989 614 2071 proximis
628 1992 661 2054 et
674 2008 769 2073 paene
785 1989 955 2056 coniunctis
971 1987 1072 2054 laudis
1094 1987 1268 2072 insignibus
1282 1983 1417 2070 uestigia
1424 2006 1447 2049 ιε

289 2090 395 2156 uestra
409 2091 586 2158 comitatur.
610 2093 716 2159 eadem
733 2093 812 2158 etin
828 2093 893 2158 illis
909 2093 1069 2158 sinceritas
1084 2091 1200 2170 cordis,
1223 2089 1332 2156 eadem
1346 2087 1416 2154 fidei

288 2192 405 2258 tenacis
418 2193 591 2278 integritas.
615 2195 803 2262 inconcussis
817 2197 1051 2278 praeceptorum
1067 2193 1248 2260 caelestium
1262 2191 1416 2258 radicibus

288 2294 377 2360 nixos
398 2296 430 2360 ct
450 2297 637 2381 euangelicis
658 2297 882 2366 traditionibus
904 2298 1063 2364 roboratos
1084 2316 1145 2363 non
1159 2296 1351 2380 praescripta
1366 2314 1417 2362 er-

288 2396 376 2476 sdia,
399 2414 459 2462 non
473 2399 627 2464 destinata
641 2401 812 2480 tormenta,
835 2420 894 2466 non
910 2400 954 2467 rei
969 2400 1135 2466 familiaris
1150 2401 1182 2465 et
1196 2399 1332 2482 corporis
1346 2417 1418 2482 sup·

289 2500 384 2583 plicia
397 2501 581 2568 tonuerunt.
605 2503 806 2586 explorandae
822 2503 893 2570 fidei
908 2504 1166 2586 praefiniebantur
1185 2502 1267 2569 dies:
1290 2502 1346 2568 sed
1366 2499 1448 2585 quiro

289 2603 411 2670 saeculo
426 2604 615 2670 renuntiasse
630 2626 662 2672 so
682 2607 827 2674 meminit
841 2607 963 2672 nullum
989 2607 1104 2674 saeculi
1130 2607 1213 2672 diem
1238 2605 1339 2684 nouit,
1364 2623 1417 2672 nec

288 2707 429 2788 tempora
442 2708 563 2774 terrena
576 2709 642 2776 iam
656 2712 804 2795 conputat
818 2712 872 2794 qui
887 2712 1103 2777 aeternitatem
1117 2710 1155 2775 de
1169 2711 1234 2776 Dco
1250 2709 1364 2794 sperat.

246 2806 280 2870 2
332 2808 447 2889 Nemo,
463 2809 585 2892 fratres,
600 2831 690 2880 nomo
703 2814 784 2880 hanc
797 2813 930 2899 gloriam
945 2814 1088 2893 mutilet,
1103 2831 1194 2879 nemo
1209 2811 1417 2895 incorruptam

289 2912 441 2978 stantium
462 2913 645 2981 firmitatem
665 2917 806 3002 maligna
828 2918 1053 2984 obtrectatione
1075 2916 1228 2983 debilitet.
1259 2911 1416 2982 cumdius

288 3015 474 3099 negantibus
485 3019 691 3100 praestitutus
701 3020 840 3100 excessit,
856 3021 984 3105 quisque
994 3021 1148 3104 professus
1163 3021 1246 3086 intra
1259 3019 1344 3084 diem
1357 3034 1447 3082 nona

288 3117 336 3182 est
346 3115 558 3186 Christianum
573 3140 605 3187 sc
619 3141 685 3188 esse
699 3123 854 3190 confossus
875 3125 930 3190 est.
947 3124 1066 3208 primus
1081 3123 1128 3188 est
1139 3123 1288 3190 uictoriae
1302 3121 1415 3187 titulus

286 3221 453 3305 gentilium
467 3224 611 3290 manibus
625 3226 850 3309 adprehensum
859 3227 1029 3293 Dominum
1041 3225 1196 3292 confiteri:
1212 3224 1364 3292 secundus
1378 3221 1416 3288 ad

339 3409 495 3479 linquem
511 3428 540 3465 se
556 3428 592 3467 ea
608 3412 638 3466 in
655 3413 820 3482 quadam
888 3413 1114 3482 bsceleratioqua
1127 3413 1155 3469 R
1224 3411 1344 3467 Slaetoa
1359 3407 1414 3473 SR.

286 3494 387 3551 lacteo
450 3496 579 3551 insinum
592 3499 710 3554 suumB
779 3501 881 3569 excepit
893 3500 926 3555 δ’
1000 3500 1035 3554 10
1051 3499 1216 3569 aperith.
1229 3497 1246 3552 l.
1259 3499 1338 3562 Μ,
1356 3511 1415 3565 aps-

286 3580 344 3635 riut
357 3580 384 3636 R
438 3581 597 3652 agminislt
646 3585 740 3654 tropea
752 3583 815 3641 SW
871 3585 1180 3642 neumanensis
1229 3579 1417 3653 quaecumq.S

287 3669 382 3737 (acdq.
396 3671 548 3739 ecp.m.2)
616 3670 651 3723 12
669 3671 773 3725 saeculo
786 3670 973 3728 dimicanteso
1042 3670 1235 3742 geminatacR
1305 3671 1338 3724 13
1356 3683 1415 3723 cum

286 3753 376 3822 gloria
387 3753 415 3809 R
478 3755 658 3810 continentiae
670 3756 820 3812 uirtutibus
834 3759 869 3811 W
925 3758 959 3812 14
976 3757 1207 3813 circumstantium
1219 3755 1256 3826 S;
1274 3756 1310 3822 cf.
1319 3771 1350 3824 p.
1361 3755 1415 3808 239

286 3837 305 3892 l.
320 3841 355 3892 10
423 3840 457 3894 15
474 3841 606 3909 proxumis
619 3843 669 3899 W¹
743 3842 832 3898 laudis
845 3844 895 3909 W,
914 3843 961 3898 aad
980 3845 1013 3898 in
1029 3859 1115 3914 marg.
1134 3859 1220 3899 corr„-
1239 3839 1364 3897 laudibus

289 3923 323 3978 16
335 3923 623 3983 eodommetimilliaS¹
674 3928 966 3986 eademccearundom
976 3929 1071 3985 ΒΜ
1126 3929 1160 3983 18
1172 3926 1358 3983 roboratusB¹

288 4010 322 4064 19
339 4010 471 4065 testinata
482 4015 521 4069 W
607 4013 760 4084 familiaris]
772 4013 868 4070 damna
880 4015 945 4071 add.
959 4032 992 4071 ex
1001 4015 1105 4085 etiqwt
1124 4014 1200 4070 codd.
1212 4014 1354 4078 Erasmus,
1368 4013 1413 4066 ab

288 4095 528 4168 latioKrabiagcr
597 4100 634 4169 et]
647 4116 727 4155 nono
801 4101 837 4156 20
853 4099 1057 4172 inexplorandae
1070 4102 1099 4157 R
1171 4100 1204 4155 21
1223 4115 1311 4156 raom.
1325 4101 1365 4157 W

288 4181 323 4235 22
335 4181 382 4250 qui
394 4198 429 4236 ccc
439 4183 504 4253 quia
515 4183 581 4239 Sm.
594 4187 614 4239 2
658 4185 693 4239 23
704 4185 803 4240 fratros
814 4186 985 4242 dilectissimi
997 4205 1013 4244 o
1059 4187 1094 4242 24
1106 4188 1188 4241 istam
1201 4185 1365 4241 stantiumS

287 4267 323 4322 25
340 4268 462 4338 quisquis
474 4269 517 4325 Ro
568 4270 602 4324 27
621 4270 699 4325 deum
712 4273 751 4328 W
802 4273 935 4328 confiteris
949 4273 977 4329 a
