3025 4967
465 413 647 483 Epistulae
663 410 725 466 LK
742 428 766 466 c.
784 410 859 465 1-3.
1157 410 1221 477 693

97 587 209 635 uersus
237 585 342 633 omnes
367 566 444 633 satis
473 567 599 646 uirium,
629 566 849 632 circumuenire
873 565 994 648 quaerit
1020 565 1221 631 solitudinem

90 670 302 755 singulorum.
323 671 378 736 sed
397 671 520 736 retusus
541 669 669 736 adunati
689 668 841 735 exercitus
863 668 923 734 fide
937 669 1099 751 pariteret
1113 667 1220 753 uigore

98 774 256 841 intellexit
270 772 388 840 milites
399 772 516 839 Christi
530 772 662 857 uigilare
676 773 739 837 iem
754 771 871 837 sobrios
887 773 919 837 et
933 773 1068 837 armatos
1083 772 1124 836 ad
1134 788 1221 854 proe-

99 878 182 944 lium
202 879 293 955 stare,
316 877 400 942 uinci
421 896 480 942 non
495 894 593 960 posse,
615 875 694 941 mori
709 893 797 959 posse
812 875 844 941 et
856 875 914 941 hoc
928 875 993 957 ipso
1008 874 1140 940 inuictos
1156 892 1221 939 esse

71 980 177 1064 aquia
195 980 275 1045 mori
294 996 355 1045 nou
374 979 498 1057 timent
522 998 578 1045 nec
598 998 770 1063 repugnare
789 980 896 1044 contus
915 976 1128 1063 inpugnantes,
1150 995 1222 1043 cum

100 1082 239 1149 occidere
253 1082 467 1148 innocentibus
481 1100 537 1147 nee
549 1084 708 1147 nocentem
723 1081 825 1161 licent,
841 1081 895 1146 sed
908 1080 1049 1162 prompte
1060 1080 1092 1145 et
1102 1078 1221 1145 animas

98 1188 132 1252 et
147 1187 328 1272 sauguinem
342 1186 472 1265 madere,
488 1186 524 1251 ut
538 1204 610 1251 cum
622 1185 760 1252 tantuin
774 1184 895 1249 saeculo
909 1181 1032 1249 malitis
1046 1185 1078 1248 et
1091 1182 1221 1248 saeuitia

98 1290 266 1373 grassetur,
286 1290 411 1356 amalis
426 1291 458 1354 et
472 1289 573 1356 saeuis
595 1288 731 1354 uelocius
752 1288 921 1353 recedetur.
945 1286 1036 1369 quale
1058 1286 1137 1353 illud
1159 1285 1220 1351 tuit

99 1392 160 1457 sub
174 1392 272 1457 oeulis
282 1393 342 1458 Dei
356 1392 567 1475 spectaculum
582 1392 761 1486 gloriosum,
777 1391 868 1473 qnsle
881 1390 914 1456 in
929 1391 1092 1473 conspectu
1104 1388 1221 1455 Christi

54 1524 90 1563 so
99 1495 168 1561 cius
179 1495 325 1561 ecclesiae
335 1513 408 1560 suae
418 1495 577 1580 gaudium,
593 1494 633 1561 sd
643 1514 780 1579 pugnarn
796 1513 888 1576 quam
902 1494 1109 1576 temptauerst
1122 1492 1222 1559 hostis

98 1595 214 1663 inferre
224 1616 284 1663 uon
298 1598 437 1682 singulos
449 1598 568 1664 milites
582 1598 635 1664 sed
649 1598 717 1663 tots
730 1597 826 1663 simul
841 1599 943 1663 eastra
956 1597 1101 1679 prodisse.
1117 1613 1222 1662 omnes
1314 1606 1318 1614 ’

99 1700 186 1766 cuim
207 1702 326 1766 constat
345 1703 492 1767 uenturos
512 1700 617 1780 fuisse,
643 1701 672 1765 si
692 1702 800 1767 audire
821 1700 1004 1783 potuissent,
1027 1700 1146 1783 qnando
1167 1698 1223 1765 sd·

99 1805 271 1870 cucurrerit
285 1807 482 1889 properanter
492 1806 525 1870 et
535 1805 655 1870 uenerit
669 1805 808 1887 quisquis
824 1804 955 1870 audiuit.
972 1806 1048 1886 quot
1061 1804 1129 1869 illic
1142 1800 1223 1885 lapsi

99 1906 238 1991 gloriosa
258 1906 446 1975 confessione
460 1908 533 1974 suut
546 1908 694 1973 restituti.
716 1908 870 1972 steterumt
884 1906 977 1972 fortes
992 1907 1104 1985 etipse
1120 1906 1223 1971 dolore
1333 1910 1336 1915 ’

58 2040 89 2081 ss
101 2010 310 2093 paenitentiae
324 2010 400 2077 iacti
415 2011 455 2077 ad
468 2012 621 2095 proelium
635 2010 795 2076 fortiores:
815 2012 852 2075 ut
865 2011 1010 2093 appareat
1024 2027 1122 2093 nuper
1136 2006 1223 2074 subi-

100 2115 186 2179 tatos
207 2132 272 2179 esse
285 2116 318 2179 et
332 2134 431 2181 nouae
450 2113 549 2197 adque
562 2115 701 2179 insuetae
715 2114 761 2179 rei
776 2131 889 2195 penore
903 2112 1085 2197 trepidasse,
1107 2112 1223 2177 redisse

100 2217 144 2283 ad
159 2234 192 2281 se
205 2218 402 2301 postmodnm
422 2216 513 2283 fidem
537 2236 645 2285 ueram
660 2218 692 2282 et
706 2217 788 2282 uires
808 2236 878 2282 suas
899 2215 938 2281 de
951 2216 1010 2281 Dei
1026 2217 1138 2281 timore
1158 2215 1223 2281 col·

101 2319 202 2385 lectas
216 2320 255 2385 sd
270 2337 393 2385 omnem
412 2320 598 2402 patientiam
613 2321 790 2385 constanter
804 2319 836 2383 et
850 2318 981 2384 firmter
994 2318 1151 2384 roborasse
1166 2335 1223 2383 nec

102 2422 168 2487 iam
183 2421 907 2503 stareederiminisneniamsedadpessionis
923 2438 1074 2487 comnem.
1262 2452 1266 2457 ·

56 2557 93 2600 ao
147 2522 230 2603 Quid
244 2526 284 2592 sd
299 2526 374 2591 haec
387 2525 591 2604 Nouatiauns‚
612 2526 708 2591 frater
727 2524 909 2590 rarissime?
929 2525 1075 2589 utrumne
1089 2522 1152 2588 iam
1168 2521 1252 2588 dc-8

101 2628 192 2711 ponit
214 2631 371 2695 errorem?
391 2648 430 2694 an
445 2646 529 2707 uero,
550 2628 603 2711 qui
624 2627 815 2693 dementium
835 2645 903 2693 mos
917 2628 975 2705 est,
997 2626 1074 2709 ipsis
1088 2626 1176 2691 bonis
1192 2626 1224 2691 et

102 2731 259 2815 prosperis
283 2732 398 2797 nostris
420 2732 491 2816 plus
512 2730 640 2797 adactus
662 2731 710 2795 est
729 2729 770 2795 ed
790 2730 923 2795 iiurorem
946 2730 1051 2811 etque
1071 2727 1173 2813 magis
1188 2745 1224 2793 eo

101 2836 206 2921 magde
227 2836 401 2901 dilectionis
415 2854 451 2902 ac
465 2834 538 2901 fidei
559 2835 670 2900 crescit
689 2834 740 2899 hio
760 2833 869 2918 gloria,
892 2833 959 2899 illic
979 2832 1177 2899 dissensionis
1192 2831 1224 2896 et

96 2939 163 3005 zeli
184 2939 372 3005 recrudescit
394 2938 530 3005 insanie:
552 2957 608 3004 nec
627 2938 741 3004 uulnus
763 2924 855 3003 suirm
870 2938 965 3003 misor
979 2938 1077 3015 curat,
1099 2935 1153 3001 sed
1167 2933 1223 2999 ad·

155 3215 172 3267 1
184 3213 284 3282 omnes]
299 3197 344 3266 οιῖι
358 3212 383 3267 0
516 3210 595 3282 satis]
613 3193 708 3267 sc‘is‘lt
847 3208 865 3262 2
876 3208 996 3262 retrusus
1010 3206 1040 3271 T,
1059 3204 1177 3259 seclusus
1189 3218 1224 3259 cc

102 3298 267 3355 reerususO
397 3296 557 3353 destareR
691 3294 818 3364 inuictos]
835 3309 889 3348 non
906 3292 1012 3347 uinctos
1028 3290 1051 3346 0
1066 3307 1095 3345 es
1113 3306 1188 3345 crees

98 3385 202 3440 bmori
213 3386 276 3454 nou]
287 3400 336 3439 nec
348 3385 417 3439 mori
430 3383 511 3440 (ised
520 3399 569 3438 nec
579 3399 600 3437 s.
614 3384 632 3437 l.
733 3382 751 3436 6
763 3379 888 3449 occidere]
900 3378 950 3433 hoe
962 3376 1048 3432 dicere
1064 3376 1094 3441 0,
1106 3375 1224 3430 occidere

101 3471 234 3526 nonlicet
244 3471 349 3526 nullum
362 3470 389 3524 T
514 3472 626 3524 nocente
637 3469 672 3532 P,
684 3468 809 3522 nocentes
827 3464 877 3521 ΟΒ
1006 3460 1154 3516 ltrederet
1169 3461 1193 3518 0

100 3557 309 3622 ctom.0,eR
422 3552 783 3619 ltleiusooaseteiuscn
884 3548 1078 3604 success-CR
1179 3546 1224 3618 ad]

96 3646 132 3697 et
142 3643 182 3698 Μ
278 3643 311 3697 11
323 3644 383 3697 tote
399 3642 478 3696 simei
489 3643 531 3706 Μ,
552 3639 633 3695 semel
649 3641 709 3693 tots
723 3638 776 3694 GR
875 3635 963 3690 omnis
978 3634 1011 3691 0¹
1093 3660 1095 3667 ·
1118 3632 1153 3687 12
1164 3648 1225 3687 con·

98 3728 180 3782 stitit
197 3728 226 3785 B
377 3730 506 3782 uenturus
527 3728 560 3783 0¹
718 3724 864 3779 accurrerit
885 3718 1160 3786 custodissent
1181 3718 1225 3785 0¹,

93 3814 218 3869 currerit
232 3814 259 3868 T
366 3816 399 3869 13
411 3814 555 3869 ueneritG
654 3811 724 3881 quod
740 3810 832 3867 G¹PY
940 3806 974 3861 14
985 3804 1136 3860 confusione
1152 3803 1205 3860 (ιη’
1282 3807 1342 3867 “,

103 3886 511 3971 steteruntlutleteiternm‘d'
660 3894 773 3951 ioresR
924 3892 1080 3961 etipsoetc.
1094 3890 1153 3945 emb.
1167 3888 1206 3959 Q·

101 3985 503 4055 15paenitentiss1pationtiae
518 3984 569 4041 GR
695 3981 832 4037 subitatos
844 3990 901 4034 esse
913 3993 946 4032 cc
958 3976 1098 4031 dubitatus
1111 3978 1153 4029 est
1168 3976 1192 4031 0

105 4070 487 4139 rememorantes?
621 4066 808 4123 mnaseas
943 4046 1123 4127 ufficone.
1141 4060 1192 4117 cs

104 4158 240 4227 utrumne]
252 4160 344 4212 atrum
358 4157 382 4212 0
480 4155 536 4211 ianr
547 4170 597 4211 oet
614 4154 644 4221 0,
656 4154 765 4209 taudem
777 4168 811 4206 cc
823 4154 880 4206 tam
893 4150 919 4205 T
1017 4146 1227 4202 21terroromr

96 4242 148 4297 scd
158 4246 173 4298 t
184 4260 205 4299 e.
217 4244 235 4299 l.
314 4243 421 4313 quidem
432 4235 563 4297 melitium
572 4242 601 4297 P
674 4240 746 4309 ipses
756 4238 796 4293 Β
876 4236 911 4291 22
923 4232 992 4319 quod
1007 4233 1029 4289 0
1094 4247 1125 4286 ae
1137 4232 1223 4300 megis

95 4344 151 4384 osa
164 4328 194 4385 R
298 4328 495 4384 redemtionis
507 4327 535 4383 Β
615 4313 625 4337 ⁸
636 4324 814 4381 dismusioues
825 4324 850 4378 T
948 4320 984 4376 24
995 4318 1126 4374 crudescit
1141 4317 1190 4372 GR
1203 4338 1206 4344 ⁴
