3025 4967
448 402 622 474 Epistulae
640 402 770 458 LXXII.
789 418 813 460 c.
831 404 905 458 1-3.
1171 403 1232 467 777

114 561 234 644 oportet
256 559 338 626 euim
353 559 525 626 sacerdotes
540 561 572 625 et
586 559 745 625 ministros
760 559 814 642 qui
834 558 926 623 altari
947 560 979 623 et
1000 557 1159 623 sacrificiis
1179 556 1234 623 de-

112 665 256 730 seruiunt
270 664 407 748 integros
422 663 521 745 61666
535 662 741 728 inmaculatos
755 681 831 739 esse,
847 680 920 727 curn
935 660 1085 726 Dominus
1101 662 1184 725 Daue
1200 662 1233 726 in

114 767 253 832 Leuitico
268 767 413 849 loquatur
428 768 459 831 61
473 765 571 830 diost:
593 766 704 830 homo
729 765 767 830 16
791 783 864 847 quo
886 764 1007 830 fuerit
1029 763 1182 829 macula
1197 764 1235 828 61

115 869 264 935 uitium
292 886 363 934 non
392 868 552 934 accedet
574 867 697 934 offere
719 868 818 934 done
838 868 931 946 Deo,
961 867 1040 932 item
1069 867 1102 932 16
1128 866 1232 933 Exodo

88 973 189 1038 61666
216 971 321 1036 eadem
347 972 515 1056 praecipiat
542 973 573 1038 61
597 970 698 1038 dicat:
729 971 767 1035 61
791 970 1017 1035 sacerdotes
1039 969 1102 1052 qui
1128 987 1233 1035 accc·

112 1076 212 1140 dunt
240 1074 285 1140 ad
312 1074 515 1140 Dominum
544 1074 663 1142 Deum
693 1072 1016 1151 sanctificentur,
1053 1091 1097 1137 66
1126 1072 1233 1137 16616

114 1177 370 1261 derelinquet
393 1176 490 1243 illos
515 1178 713 1244 Dominus.
739 1179 770 1242 61
795 1178 925 1241 iterum:
955 1177 1100 1242 etcum
1126 1194 1233 1242 6666-

114 1280 208 1345 1661
232 1280 460 1345 ministrare
492 1281 537 1344 61
560 1280 685 1346 611666
710 1280 853 1358 666611,
877 1298 950 1344 666
974 1278 1233 1344 adducentis

113 1402 151 1448 66
186 1381 374 1448 delictum
403 1401 446 1447 ne
474 1383 701 1449 moriautur.
741 1383 823 1464 quod
857 1385 962 1448 autem
995 1381 1097 1447 maius
1130 1383 1233 1465 potest

75 1515 104 1552 ιο
114 1505 180 1553 essa
197 1486 345 1551 delictum
361 1489 416 1552 aut
430 1506 508 1570 quae
528 1487 652 1552 macule
673 1485 838 1551 deformior
858 1505 951 1568 quarn
965 1485 1121 1552 >aduersus
1142 1485 1232 1551 Chri·

112 1591 198 1656 stum
213 1590 346 1666 stetisse,
362 1609 457 1673 quam
472 1590 633 1656 ecclesiam
649 1589 715 1655 eius
731 1609 825 1672 quam
839 1589 894 1654 1116
908 1590 1058 1674 sanguiue
1073 1608 1127 1655 suo
1141 1609 1231 1672 para·

113 1693 163 1758 uit
179 1694 211 1757 61
225 1693 365 1758 condidit
380 1693 555 1776 dissipasse,
571 1712 665 1775 quem
681 1693 877 1776 euangelicse
895 1693 979 1775 pacis
1001 1711 1037 1757 ac
1058 1693 1232 1759 dilectionis

114 1795 250 1861 oblitum
270 1798 377 1862 contra
399 1797 575 1862 unanimem
597 1796 628 1860 et
650 1795 828 1861 concordem
851 1796 910 1860 Dei
935 1795 1084 1877 populum
1109 1796 1234 1862 hostilis

111 1899 283 1964 discordiae
297 1899 397 1965 surore
411 1900 586 1984 pugnasse?
601 1899 654 1982 qui
669 1899 729 1965 6161
740 1899 801 1981 ipsi
812 1898 1009 1981 postmodum
1020 1899 1059 1963 61
1071 1899 1233 1965 ecclesiam

76 2031 103 2070 rs
113 2003 253 2083 redeunt,
269 2003 430 2068 restituere
445 2005 550 2068 tamen
564 2021 614 2067 666
631 2004 662 2067 61
677 2020 781 2068 secum
796 2018 938 2068 reuocare
953 2021 1014 2067 non
1028 2004 1158 2084 possunt
1178 2002 1232 2085 qui

112 2105 152 2170 ab
169 2105 213 2170 616
229 2105 348 2171 seducti
364 2105 484 2171 6116616
499 2107 598 2171 morte
613 2106 773 2187 praeuerti
789 2106 875 2170 extra
888 2103 1051 2170 ecclesiam
1066 2104 1131 2170 6166
1147 2123 1232 2170 com·

111 2209 319 2273 municatione
334 2210 366 2273 61
380 2226 453 2290 paca
475 2207 641 2290 perierunt,
665 2227 797 2290 quorum
817 2208 939 2272 animae
959 2207 993 2272 in
1008 2206 1058 2272 die
1072 2207 1180 2273 iudicii
1196 2209 1233 2273 de

114 2311 254 2394 ipsorum
274 2311 416 2375 manibus
438 2312 619 2393 expetentur
644 2310 698 2393 qui
724 2310 905 2392 perditionis
925 2311 1064 2376 66616666
1086 2313 1118 2376 61
1138 2312 1232 2377 duces

114 2415 293 2479 extiterunt.
311 2413 470 2480 etidcirco
490 2414 566 2479 sutis
580 2415 627 2479 est
642 2413 757 2478 talibus
773 2413 999 2479 reuertentibus
1014 2414 1138 2480 ueniam
1153 2414 1231 2495 1661,
1262 2424 1267 2435 ”

75 2549 104 2589 so
113 2534 174 2580 non
190 2518 294 2581 tamen
310 2516 401 2582 debet
414 2517 447 2581 iu
463 2516 552 2581 domo
568 2515 640 2581 fidei
654 2515 783 2598 perfidie
797 2517 979 2599 promoueri.
1001 2535 1073 2581 nam
1088 2516 1163 2599 quid
1176 2517 1233 2582 bo·

115 2619 165 2684 nis
180 2622 212 2685 61
226 2621 439 2686 innocentibus
454 2621 554 2702 adque
572 2618 610 2684 ab
632 2620 761 2685 ecclesis
780 2638 840 2684 non
861 2618 1073 2685 recedentibus
1094 2637 1233 2686 6666666-

112 2741 193 2800 mus,
211 2723 237 2787 si
253 2740 303 2787 eos
319 2722 372 2813 qui
387 2742 406 2788 6
421 2723 509 2790 uobis
524 2722 705 2788 recesserint
727 2724 759 2786 61
781 2724 887 2788 contra
906 2723 1067 2788 ecclesiam
1088 2723 1234 2788 steterint

111 2825 319 2892 honoramus?

154 2929 241 2994 Haeo
261 2929 300 2994 ed
315 2928 535 2994 conscientium
557 2929 655 3007 tuam,
681 2927 779 2992 frater
799 2927 966 3006 carissime,
994 2929 1025 2992 61
1045 2946 1100 3010 pro
1120 2929 1262 2994 honored

74 3059 100 3100 rs
113 3033 272 3098 communi
287 3031 317 3096 et
331 3049 386 3113 pro
401 3030 537 3115 simplici
552 3030 717 3096 dilectione
737 3029 935 3112 pertulimus,
957 3030 1115 3096 666166166
1137 3031 1233 3096 etiam

109 3134 172 3200 tibi
192 3153 247 3218 pro
270 3135 429 3219 roligionis
442 3135 514 3199 1666
531 3136 562 3199 61
577 3132 649 3199 fidei
665 3133 798 3198 ueritate
813 3134 934 3216 placere
948 3152 1027 3216 quac
1041 3134 1073 3199 et
1088 3133 1234 3217 religiosa

214 3347 231 3400 3
248 3345 311 3400 Lem
330 3346 371 3410 21,
389 3346 430 3400 21.
500 3345 580 3400 cen.
600 3345 640 3409 19,
659 3345 701 3398 22.
771 3344 787 3397 l
806 3343 973 3410 11621143.

162 3543 178 3595 1
191 3541 287 3594 6116616
301 3540 334 3604 Β,
347 3539 440 3594 alterii
456 3541 479 3611 Q
571 3542 588 3595 2
601 3558 659 3596 curn
672 3558 721 3598 om.
736 3541 770 3604 Β,
782 3544 871 3596 tecum
883 3541 944 3596 ΒΝ
1033 3542 1159 3598 densam
1172 3542 1204 3596 Ε

109 3627 299 3697 66666666
411 3626 606 3696 remouere
720 3609 1003 3696 seponentes
1120 3628 1234 3683 6666-

111 3717 178 3784 quat
189 3713 218 3768 L
370 3712 387 3766 8
404 3711 537 3766 adducant
549 3713 576 3766 Β
729 3715 797 3768 966
870 3714 887 3767 l.
906 3717 943 3767 10
960 3713 1087 3768 delictum
1104 3729 1155 3768 cm.
1173 3714 1201 3768 Β

111 3799 441 3869 locutusettalus
576 3798 729 3868 {aduersum
743 3799 772 3853 Β
919 3798 1061 3868 christum]
1074 3783 1134 3868 epm
1145 3799 1206 3854 ΒΝ

112 3887 146 3941 11
158 3885 286 3955 sangnini
298 3886 362 3942 ΒΜ
372 3885 514 3954 (sangnine
529 3884 563 3954 Q)
675 3885 767 3954 paruit
778 3885 816 3940 Μ
825 3884 943 3953 (parauit
958 3884 991 3953 Q)
1103 3885 1236 3940 1211666-

111 3988 187 4042 paase
200 3971 256 4042 NQ
374 3971 408 4024 14
419 3972 447 4025 61
459 3971 483 4024 61
494 3971 546 4039 ipsi
560 3969 632 4042 E'Q,
646 3973 674 4026 61
685 3971 740 4040 ipsi
752 3969 921 4034 BEOEMN,
934 3968 1016 4026 etsie
1129 3987 1189 4026 cum
1201 3972 1236 4026 ad

112 4057 222 4113 ecclesia
233 4057 268 4112 N
373 4056 407 4110 16
418 4055 530 4111 66616616
542 4056 604 4112 LN
710 4057 742 4112 17
755 4056 827 4110 diem
839 4055 867 4109 Β
970 4055 1004 4109 18
1015 4059 1188 4126 expectentur
1200 4059 1234 4124 L,

111 4146 284 4214 expectantur
296 4143 324 4198 B
441 4141 603 4211 perditiones
619 4143 642 4212 Q
765 4139 949 4196 216661661666
962 4141 1043 4212 Bac
1161 4145 1196 4199 22
1207 4146 1236 4198 61

112 4233 204 4284 contra
215 4246 237 4284 6.
250 4229 378 4284 steterint
390 4243 440 4283 orn.
455 4228 544 4283 BLN
612 4229 647 4284 24
658 4228 724 4282 haec
735 4226 770 4281 cd
781 4241 867 4296 66666
877 4225 916 4280 od
926 4225 1010 4292 ficem
1022 4229 1081 4283 661.
1093 4230 1236 4300 Hieronp-

112 4331 171 4370 mcs
184 4315 257 4369 Ades
271 4314 396 4380 Mser.
408 4331 435 4382 p.
448 4315 505 4368 304
515 4329 553 4384 ep.
658 4315 799 4378 scientiam
812 4313 839 4366 Β
