3025 4967
274 354 316 417 74
686 354 832 409 Caecilii
849 355 1009 423 Cypriani

283 527 392 573 susum
417 511 449 573 et
474 509 507 573 in
532 509 733 575 altitudinem
759 510 913 575 deorsum.
943 513 976 575 et
996 510 1077 575 dixit
1091 511 1212 577 Achaz:
1234 530 1295 577 non
1309 515 1422 594 petam

281 630 338 676 noc
352 612 511 694 temptabo
526 612 694 678 Dominum
719 613 823 678 Deum
847 633 962 679 meum.
985 616 1018 678 et
1043 614 1141 678 dixit:
1164 614 1272 679 audito
1297 616 1419 696 itaque,

281 714 392 779 domus
402 715 515 780 Dauid.
538 733 598 779 non
609 716 761 797 pusillum
771 716 861 781 uobis
875 720 1033 782 certamen
1046 736 1119 781 cum
1131 717 1320 795 hominibus,
1336 734 1420 800 quo·

280 817 367 883 niam
381 818 465 883 Deus
479 821 616 900 praestat
631 836 770 903 agonem.
794 823 919 903 propter
939 820 998 885 hoc
1019 820 1109 885 dabit
1131 821 1217 886 Deus
1238 820 1305 902 ipso
1326 821 1421 885 nobis

281 918 421 1003 signum:
445 938 514 983 occo
529 919 618 1003 uirgo
633 921 666 984 in
680 922 769 985 utero
783 920 916 1001 accipiet
935 922 968 985 et
982 922 1083 1003 pariet
1100 921 1221 1000 tilium,
1244 925 1277 988 et
1290 924 1421 987 uocatis
1448 956 1464 992 s

284 1040 394 1088 nomen
414 1022 481 1087 eius
495 1023 655 1089 Emanuol.
689 1023 837 1107 butyrum
858 1027 891 1089 et
912 1025 976 1089 mol
997 1026 1214 1091 manducabit:
1236 1026 1422 1109 priusquam

282 1126 445 1210 cognoscat
474 1126 529 1189 aut
553 1126 689 1209 proferat
715 1127 813 1204 mala,
843 1130 1005 1192 conmutat
1029 1129 1154 1193 bonnm.
1184 1130 1264 1193 Hoc
1287 1148 1422 1194 semen

283 1228 534 1313 praedixerat
554 1230 657 1295 Deus
685 1229 729 1294 de
761 1230 930 1296 muliere
950 1233 1177 1312 procedere,
1212 1232 1314 1314 quod
1341 1232 1422 1296 cal-

284 1334 390 1399 caret
412 1336 527 1414 ceput
550 1333 713 1397 diaboli.
738 1333 781 1397 In
801 1332 961 1398 Genesi:
984 1334 1072 1399 'lunc
1093 1335 1174 1399 dixit
1188 1336 1325 1399 Deusud
1351 1354 1422 1399 ser·

284 1437 422 1519 pentem:
445 1436 517 1518 quia
530 1437 567 1499 tu
580 1436 638 1501 hoc
653 1436 771 1514 fecisti,
793 1436 978 1501 maledictus
998 1440 1035 1501 tn
1048 1438 1088 1502 ab
1102 1439 1187 1501 omni
1208 1456 1316 1519 pecore
1330 1440 1362 1501 et
1377 1437 1422 1500 ab
1445 1469 1477 1506 ιο

285 1540 369 1605 omni
384 1560 494 1623 genere
508 1540 680 1604 bestiarum
693 1542 803 1605 terrae.
820 1542 1011 1621 pectoratus
1027 1544 1061 1606 et
1073 1543 1183 1606 uentre
1193 1559 1297 1623 repes,
1313 1540 1423 1603 eterit

285 1644 344 1708 tibi
360 1646 443 1709 terra
456 1644 544 1708 cibus
559 1645 591 1709 in
606 1645 748 1709 omnibus
764 1646 874 1709 diebus
889 1646 975 1710 uitae
989 1649 1070 1712 tuae.
1096 1650 1128 1711 et
1142 1652 1257 1727 ponam
1278 1644 1420 1709 inimici-

286 1750 365 1813 tiam
380 1749 460 1813 inter
474 1750 506 1812 te
521 1750 552 1812 et
566 1749 728 1814 mulierem
744 1752 777 1814 et
789 1750 871 1814 inter
882 1768 987 1815 semen
997 1754 1090 1815 tunm
1100 1752 1133 1813 et
1143 1768 1247 1813 semen
1258 1748 1335 1813 eins.
1349 1747 1423 1828 ipse

286 1853 378 1918 tuum
392 1852 525 1916 calcabit
540 1854 631 1935 caput
646 1856 678 1917 et
692 1854 727 1917 tu
742 1852 921 1917 obseruabis
936 1854 1115 1918 calcaneum
1130 1854 1208 1917 eius.

287 2007 386 2085 Qvon
419 2026 463 2071 aa
496 2026 594 2073 nouo
626 2026 670 2071 au·
703 2026 793 2073 naus
822 2025 987 2073 cnmsrvs
1016 2027 1063 2072 ax
1090 2026 1252 2084 cracova
1279 2023 1426 2071 sanans:
1439 2044 1468 2082 rs

289 2127 503 2188 concursura,
522 2128 565 2173 vu
580 2129 762 2175 usnmuoa
775 2128 856 2175 assa
870 2130 976 2175 mnan
989 2128 1056 2176 uos
1070 2129 1114 2174 au
1130 2128 1269 2174 nimau
1284 2124 1426 2173 rossam.

240 2244 280 2307 ιο
334 2231 444 2315 Apud
459 2231 695 2297 Hieremiam
716 2232 962 2315 prophetam:
986 2233 1212 2309 arconneso,
1238 2231 1354 2312 etquis
1369 2249 1428 2294 co·

290 2338 527 2418 gnoseeteum?
549 2334 650 2398 Item
672 2336 712 2399 in
733 2334 765 2398 N
772 2335 937 2398 umeris:
960 2332 1194 2399 Orieturstella
1214 2353 1252 2399 ex
1273 2333 1364 2397 Iacob
1388 2335 1426 2396 et

292 2441 421 2521 exurget
435 2437 527 2501 homo
541 2455 577 2501 ex
592 2436 698 2501 Israel.
722 2437 823 2501 Item
844 2436 956 2502 illic:
978 2436 1129 2501 Procedct
1142 2437 1234 2501 homo
1250 2436 1288 2500 de
1303 2436 1426 2501 semine

293 2542 360 2607 cius
385 2543 417 2605 et
442 2540 654 2605 dominabitur
668 2540 841 2604 multarum
856 2540 1015 2624 gentium,
1037 2541 1070 2603 et
1084 2539 1274 2604 exaltabitur
1287 2540 1310 2619 †
1325 2557 1427 2620 quam
1438 2572 1470 2612 ,ο

393 2728 410 2779 9
427 2727 491 2781 Gan.
505 2728 533 2794 3,
546 2728 579 2780 14
591 2743 629 2795 sq.
683 2726 719 2781 17
737 2725 810 2780 Hier.
825 2727 866 2790 17,
878 2728 903 2779 9.
956 2725 1309 2793 maurocenorum.

348 2883 362 2934 l
381 2897 484 2934 sursum
497 2881 540 2934 Lo
615 2897 709 2933 susum
721 2882 749 2933 in
762 2879 936 2933 altitudinem
947 2895 999 2932 om.
1012 2880 1040 2934 B
1125 2878 1274 2931 altitudine
1284 2878 1320 2930 Μ
1388 2877 1428 2931 ad

292 2967 382 3021 Achae
394 2966 422 3019 A
443 2966 471 3033 (d
483 2974 508 3021 et
521 2983 534 3019 z
546 2966 611 3019 odd.
626 2983 660 3019 m.
673 2968 715 3033 2),
735 2966 815 3019 achas
827 2966 865 3019 M
945 2965 1041 3034 aneo]
1061 2968 1090 3018 et
1109 2980 1162 3017 non
1178 2964 1224 3017 Bo
1302 2961 1396 3016 audite
1408 2981 1430 3018 υ

291 3049 439 3121 (ἀκούσατε
452 3049 488 3118 δή
502 3052 611 3120 LXX),
629 3052 692 3105 audi
704 3051 824 3104 ALMB
897 3051 990 3119 itaque
1006 3052 1137 3104 Mittin
1148 3067 1203 3103 τοι
1291 3049 1310 3105 3
1328 3047 1425 3116 dauid]

292 3139 367 3194 iuoob
374 3139 438 3192 ΜΒ
489 3137 672 3206 pussillum,
683 3137 813 3206 pusillum
824 3136 945 3189 eritMB
995 3136 1106 3190 nobiaA
1157 3137 1178 3194 5
1194 3139 1272 3189 utero
1281 3134 1427 3199 AMBD,

293 3229 397 3279 uterum
409 3224 470 3277 11²2·-
537 3222 645 3276 nocebis
657 3223 702 3285 Μ,
720 3221 830 3275 uocabit
840 3226 881 3285 A,
898 3222 1034 3276 nocebitis
1045 3222 1133 3285 LBo5
1150 3226 1274 3281 καλέσεις
1285 3220 1373 3275 LXX

294 3313 312 3368 6
330 3310 499 3365 emmanuhel
511 3309 578 3371 AL,
595 3309 679 3361 iesum
691 3308 729 3361 Μ
777 3308 905 3361 buturum
917 3310 956 3362 A*
1009 3308 1027 3364 'l
1045 3309 1102 3377 aut]
1116 3311 1147 3361 ut
1158 3325 1176 3362 o
1234 3308 1361 3377 properat
1373 3306 1426 3371 Μ’,

294 3398 426 3467 praeierat
436 3414 465 3461 o;
484 3398 653 3463 προελέσθαι
665 3394 751 3448 LXX
801 3396 940 3447 conmutat
951 3394 1019 3457 AB,
1039 3396 1193 3447 conmutate
1205 3393 1250 3455 L,
1267 3394 1428 3446 eommottet

293 3485 342 3547 Μ,
372 3484 534 3537 commutato
549 3481 576 3534 V
591 3481 756 3548 (prinsquam
768 3480 838 3533 sciat
854 3480 996 3548 reprobare
1013 3480 1114 3533 malum
1127 3484 1156 3532 et
1172 3479 1270 3547 eligere
1286 3478 1385 3531 bonum
1397 3495 1427 3545 c,

294 3572 448 3640 priusquam
469 3569 624 3636 eognoscat,
643 3568 675 3618 ut
695 3565 829 3634 praeierat
849 3566 935 3628 mala,
952 3565 1129 3618 commutabit
1148 3564 1249 3617 bouum
1270 3563 1373 3631 Occu)

293 3658 311 3709 8
329 3654 466 3723 procedere
487 3652 577 3706 oeuA
646 3652 664 3707 9
684 3654 765 3718 eaput
784 3652 876 3704 onB
944 3650 980 3703 10
996 3666 1089 3719 peoora
1108 3653 1137 3702 et
1156 3649 1191 3702 ab
1207 3650 1372 3702 omnivm

295 3742 326 3794 11
345 3740 500 3793 bestiarum.
514 3738 610 3797 Terra.
621 3738 655 3790 Μ
667 3739 692 3804 (o
704 3737 788 3804 erac.)
839 3736 911 3804 repis
923 3738 951 3789 A
1002 3737 1037 3788 12
1053 3736 1083 3788 in
1093 3751 1143 3788 ocu
1156 3734 1195 3787 Μ
1254 3734 1288 3787 13
1303 3736 1383 3786 tuum
1395 3736 1427 3786 et

294 3826 392 3894 semen]
405 3829 483 3877 tunm
495 3826 523 3877 et
535 3823 605 3876 inter
618 3837 706 3876 semen
720 3822 767 3885 Μ,
779 3838 830 3875 om.
844 3839 859 3875 o
911 3822 970 3890 ipsa
981 3821 1018 3873 Μ
1069 3822 1102 3873 14
1119 3820 1236 3873 calcanit
1246 3818 1316 3882 AB,
1332 3818 1426 3872 obser·

293 3911 372 3965 nabit
382 3911 421 3973 L,
437 3909 592 3963 obseruauit
604 3908 642 3961 Μ
643 3930 651 3972 ;
668 3908 704 3973 cf.
718 3913 811 3961 tossen
824 3906 915 3960 Lxx
989 3907 1023 3960 16
1039 3908 1193 3959 concreatus
1204 3908 1231 3957 A
1293 3905 1334 3973 ut}
1347 3908 1377 3957 et
1388 3904 1430 3957 Μ

294 3999 327 4051 in
338 4012 392 4050 rus.
405 4012 439 4048 m.
452 3998 472 4047 2
541 3994 574 4048 17
592 3992 747 4046 hieremiam
759 3991 891 4061 profetam
902 3994 943 4055 A,
959 3992 1178 4053 hieramiamLo,
1196 3990 1344 4044 hieremiae
1354 3990 1427 4043 dicit

293 4082 357 4137 ΜΒ
412 4080 595 4149 cognoscitis
665 4078 697 4131 19
714 4078 856 4146 sur-getii
903 4078 1063 4131 illieonA
1115 4075 1273 4147 proeeditA
1341 4075 1378 4129 20
1394 4079 1426 4129 et

293 4186 343 4225 ono.
356 4168 394 4221 Μ
461 4166 606 4219 multorum
619 4164 645 4217 A
698 4163 885 4232 quamALB,
902 4166 1034 4233 tunquam
1048 4178 1152 4231 gygans
1164 4163 1200 4217 Μ
1209 4178 1230 4215 a
1243 4162 1261 4215 1.
1274 4178 1309 4215 uc
1322 4165 1349 4226 2,
1360 4164 1426 4215 tan·

293 4272 403 4324 quamv
