3025 4967
401 419 581 489 Epistulae
598 420 727 476 nxvrr.
745 438 767 477 ο.
786 422 861 477 e-s.
1129 424 1190 493 741

80 575 136 639 sint
157 576 188 640 et
209 575 319 659 grauia
345 575 461 642 delicta
488 577 602 660 quibus
628 577 781 644 Basilides
809 580 841 644 et
869 578 1024 645 Martialis
1053 579 1194 661 inplicati

79 680 233 744 tenentur:
266 679 383 745 frustra
415 680 493 747 telos
525 682 736 764 episcopatum
768 682 828 749 sibi
860 703 1007 767 usurpare
1040 686 1194 765 oonnntm,

81 801 144 847 oum
177 782 373 849 manifestius
403 784 447 850 sit
473 784 625 851 eiusmodi
651 784 791 852 homines
819 804 874 853 neo
906 786 1052 853 eeclesiae
1080 784 1195 853 Christi

80 904 160 967 posse
182 904 322 967 praeesse
348 907 405 953 neo
425 889 490 953 Deo
512 889 660 955 seorifioia
686 888 794 955 offerre
817 889 934 969 debere,
962 890 1096 955 mammo
1124 910 1196 955 oum

62 989 136 1052 sum
158 988 279 1070 pridem
293 991 455 1056 nobiseum
470 994 502 1057 et
517 1010 589 1057 oum
609 991 753 1058 omnihus
774 991 897 1057 omnino
918 992 1067 1075 episeopis
1082 992 1116 1057 in
1130 993 1196 1058 toto

79 1092 187 1156 mundo
208 1092 386 1159 mustitntis
400 1094 497 1160 etiam
512 1093 674 1161 Cornelius
688 1095 808 1179 oollega
823 1096 935 1175 noster,
958 1095 1097 1161 sacerdos
1111 1095 1196 1179 psoi-

80 1192 148 1259 fious
163 1214 199 1259 ao
211 1196 314 1261 iustus
329 1199 362 1261 et
373 1198 522 1281 martyrio
543 1215 662 1280 qnoque
681 1197 859 1281 dignatione
873 1198 998 1265 Domini
1017 1197 1196 1275 honoratae,

80 1296 244 1363 decreuerit
264 1300 416 1365 eiusmodi
431 1299 571 1365 hominos
591 1299 631 1365 ad
651 1300 874 1383 paonitentiam
897 1299 1024 1383 quidem
1044 1300 1196 1384 agendam

80 1418 162 1481 posse
189 1401 326 1480 admitti,
362 1402 401 1467 ab
431 1402 623 1470 ordinatione
651 1403 757 1469 autem
786 1403 860 1469 oleri
889 1402 988 1486 adque
1018 1401 1197 1469 sacerdotati

53 1525 75 1563 10
83 1503 188 1570 honore
203 1505 367 1588 prohiberi.

117 1606 180 1672 Nee
195 1610 400 1691 ammoneat,
422 1608 536 1675 fratres
550 1609 759 1686 dileetissimi‚
776 1609 803 1673 si
818 1609 900 1691 apud
921 1607 1069 1691 quosdam
1090 1609 1123 1674 in
1142 1615 1227 1679 rso-7

80 1708 213 1775 nissimis
228 1711 420 1795 temporibus
435 1714 490 1777 aut
505 1712 624 1778 lubrica
638 1712 714 1777 fides
728 1713 821 1779 nutat
835 1713 891 1777 aut
905 1711 964 1777 Dei
978 1712 1072 1777 timor
1092 1711 1198 1776 inreh'·

78 1812 176 1895 giosns
192 1814 323 1879 uacillat
337 1817 393 1880 aut
403 1815 532 1898 paeihoa
542 1815 701 1883 eoncordia
711 1832 771 1879 uon
782 1816 967 1897 perseuerat.
984 1814 1200 1895 praenuntiata

79 1919 147 1980 sunt
166 1916 243 1982 haeo
262 1916 369 1983 futura
382 1919 415 1983 in
430 1918 546 1984 saeouli
567 1919 628 1983 fine
649 1919 681 1983 et
694 1917 822 1982 Domini
837 1934 911 1983 uooe
926 1918 1024 2000 adque
1046 1916 1199 2001 apostolo·

50 2037 144 2083 urnm
164 2021 388 2086 contestatione
408 2022 601 2103 praedictum
622 2023 670 2086 est
691 2020 851 2085 deficiente
871 2021 934 2085 iam
960 2022 1075 2085 mundo
1101 2020 1200 2102 adque

79 2121 340 2205 adpropinquante
354 2124 537 2189 antichristo
557 2123 636 2189 bona
656 2141 793 2206 quaeque
814 2122 951 2201 deficere,
973 2124 1056 2189 mala
1076 2141 1148 2189 uero
1169 2124 1200 2187 et

79 2223 204 2291 aduersa
218 2226 373 2307 profioere.

117 2328 185 2393 Non
201 2328 248 2394 sio
262 2329 368 2395 umen
388 2328 531 2411 quamuis
547 2328 726 2395 nouissimis
741 2328 933 2409 temporibus
948 2327 981 2391 in
995 2327 1124 2393 ecelesia
1142 2327 1230 2397 Deis

80 2433 130 2495 aut
150 2431 351 2515 euangelicos
371 2432 461 2516 nigor
481 2431 592 2498 oeoidit
612 2432 667 2498 aut
688 2429 880 2497 ffimshanse
906 2430 1034 2497 uirtutis
1054 2434 1110 2496 aut
1129 2429 1201 2495 fidei

53 2532 170 2599 rorobur
185 2534 337 2618 elanguit,
359 2536 469 2599 utnon
483 2534 618 2617 supersit
637 2534 737 2615 portio
761 2533 953 2599 eaoerdotum
974 2550 1051 2614 quae
1071 2532 1201 2599 minime

83 2635 187 2701 adhue
202 2637 429 2702 rerumruiuas
444 2636 564 2703 etiidei
583 2636 747 2721 naufragia
769 2636 957 2713 sueormbet
980 2635 1035 2701 sed
1058 2634 1148 2703 fortis
1170 2639 1201 2702 et

84 2740 203 2805 stabilis
220 2740 367 2806 honorem
381 2740 507 2805 diuinae
519 2738 694 2805 maiestatis
715 2741 747 2804 et
768 2738 990 2804 sanordotalem
1012 2738 1200 2822 dignitatem

80 2843 167 2925 plena
186 2844 313 2910 timoris
328 2844 542 2909 obseruatione
555 2843 690 2908 tueatur.
707 2842 908 2907 meminimus
924 2842 955 2905 et
970 2842 1111 2907 tenemus
1131 2859 1202 2908 suo·

81 2947 295 3012 oumhentihns
317 2946 393 3013 lieet
415 2947 448 3010 et
471 2945 651 3010 oedentibus
676 2946 785 3010 deteris
805 2944 996 3010 Mattathiau
1021 2944 1122 3028 legem
1142 2944 1202 3011 Dei
1247 2998 1251 3007 .

50 3071 71 3108 a
80 3050 251 3117 uindicasse
265 3048 397 3126 fortiter,
417 3048 532 3113 Helian
547 3047 671 3113 Iudaeis
687 3048 899 3113 definientibus
914 3048 1014 3130 adque
1025 3066 1043 3111 a
1054 3048 1202 3133 religione

125 3234 300 3288 lmeroiales
312 3234 339 3289 L
458 3233 660 3287 ammifestum
677 3232 754 3303 09¹0
767 3232 947 3302 (manifestius
958 3232 1039 3303 MQ¹)
1154 3248 1202 3287 nee

80 3320 348 3375 ontceoolesiaelre.
361 3320 378 3374 t
391 3322 457 3374 Μ
575 3318 740 3374 huobiseum
753 3318 803 3375 CR
917 3318 1039 3373 omnihus
1052 3320 1203 3376 exhomni·

80 3404 165 3461 ouen
293 3404 572 3461 omnesones
699 3392 831 3460 ruffin
950 3405 1170 3463 annumero

79 3491 170 3546 deleri
183 3495 268 3561 atque
279 3508 314 3547 ea
325 3494 382 3561 atq‚
394 3491 485 3546 elerici
501 3490 525 3546 0
627 3490 789 3545 sacerdotale
801 3492 840 3545 L'
944 3492 977 3546 11
989 3492 1012 3545 si
1024 3506 1075 3545 om.
1092 3491 1170 3547 0131)

79 3578 214 3648 quosdam]
228 3578 299 3646 qued
310 3578 375 3631 odd
392 3578 417 3632 0
425 3592 446 3631 e.
459 3578 476 3632 t.
594 3577 628 3630 12
639 3579 719 3631 nutet
730 3593 764 3631 ece
775 3577 877 3633 nudata
892 3578 915 3634 Ο
1024 3578 1120 3632 timore
1135 3578 1169 3633 0¹

80 3661 560 3732 irreligiositateeaeirreligiosumc
659 3662 693 3717 13
704 3664 817 3717 uaeillet
827 3680 862 3719 aa
873 3664 973 3719 uaoilla
989 3664 1018 3729 G,
1030 3663 1171 3733 uigilatL

81 3750 229 3815 perseueret
245 3748 280 3804 0¹
406 3749 440 3801 14
450 3746 530 3802 finem
548 3747 571 3803 0
692 3749 729 3817 et]
742 3749 814 3803 etde
830 3750 852 3805 0
977 3750 1130 3818 apostorum
1142 3749 1170 3805 R

80 3832 112 3887 16
123 3835 253 3904 qnaeqrm]
266 3849 369 3903 quoque
385 3833 435 3889 GR
573 3834 607 3888 18
618 3834 804 3891 nouissimaR
936 3836 969 3890 19
980 3834 1067 3905 uigor]
1079 3834 1156 3889 uiuor
1168 3836 1203 3901 P,

80 3917 159 3973 timor
174 3919 227 3975 GR
333 3918 432 3973 cecidit
444 3934 495 3973 erre
512 3920 539 3973 V
638 3922 687 3973 aut
697 3920 728 3989 i]
741 3922 770 3975 et
781 3920 879 3977 fideiO
984 3920 1019 3975 20
1030 3919 1108 3974 robor
1119 3920 1203 3990 OLQ,

80 4003 156 4072 uigor
173 4004 268 4058 Vteot.
285 4004 370 4058 anra
498 4005 611 4074 languet
626 4004 653 4058 V
778 4006 956 4075 21nd1ehP
1082 4006 1133 4061 fide
1145 4008 1172 4061 L

81 4087 224 4143 hononore
237 4089 264 4144 P
349 4089 523 4144 ddtuebatnr
536 4091 564 4145 P
647 4091 818 4145 meminimus
889 4092 906 4145 l.
919 4091 1074 4146 25iortiter
1087 4092 1174 4148 outo

81 4188 125 4227 suo
137 4173 329 4228 eumbentihus
343 4174 367 4245 Q
379 4176 623 4243 (suooumhentibus
638 4176 684 4243 Μ)
798 4178 833 4232 24
845 4180 871 4231 et
883 4192 932 4232 om.
946 4176 974 4231 R
1086 4179 1207 4233 mattha·

79 4258 156 4313 rum
167 4260 204 4324 n,
225 4260 626 4331 mereanpmaroauann
775 4246 863 4318 effe
1010 4261 1208 4319 assentasse

23 4386 27 4394 ,
80 4344 144 4415 seQ
248 4346 349 4401 heliam
361 4347 454 4402 OPRo
557 4362 634 4401 torn.
648 4346 683 4412 L,
695 4348 728 4402 od
745 4348 779 4404 0¹
