3025 4967
465 376 624 447 Epistula
640 378 861 435 nvn-xm

373 637 740 749 EPISTVLA
774 638 954 750 XVII.

178 858 377 914 CYPRIANVS
394 858 594 913 aasumnvs
611 856 652 912 IN
669 858 785 913 Pansa
802 858 1102 915 OONSISTENTIBVS
1120 860 1145 913 S.

141 1084 353 1167 Ingemescere
381 1100 435 1148 nos
460 1086 492 1150 et
515 1083 615 1149 dolere
637 1084 741 1149 ruinas
764 1083 896 1148 fratmm
918 1086 1093 1149 nostrorum
1116 1090 1251 1153 ermol

100 1185 176 1265 scio,
205 1186 314 1251 fratres
342 1186 503 1265 carissimi,
533 1187 587 1269 qui
608 1186 726 1269 etipse
753 1186 915 1251 uobiscum
942 1204 997 1270 pro
1020 1186 1152 1271 siugulis
1175 1187 1223 1252 in·

79 1307 243 1375 sgemeseo
264 1289 379 1372 pariter
400 1292 432 1355 et
454 1290 542 1355 doleo
562 1292 594 1355 et
616 1290 717 1373 patior
739 1309 775 1355 ec
797 1291 895 1354 sentio
917 1290 997 1372 qnod
1019 1290 1128 1355 beatus
1150 1308 1224 1374 apo-

99 1393 201 1458 stolus
224 1392 315 1457 dicit:
343 1392 427 1475 quis
449 1392 692 1474 infirmatur,
720 1394 833 1477 inqiut,
863 1395 900 1457 et
923 1410 990 1477 ego
1014 1410 1087 1457 non
1108 1394 1223 1458 infir·

97 1496 204 1561 mor?
226 1496 312 1577 quis
334 1495 645 1577 scandalizatur,
673 1498 712 1561 et
733 1514 805 1563 non
827 1513 894 1581 ego
916 1498 1028 1561 uror?
1057 1498 1088 1561 et
1110 1494 1224 1561 iterum

97 1598 206 1683 posuit
220 1598 253 1663 in
269 1597 402 1679 epistula
417 1617 473 1663 sua
493 1598 609 1664 dicens:
632 1598 665 1664 si
686 1599 839 1682 patitur
861 1599 1072 1665 membrum
1094 1617 1223 1677 unum,

99 1702 379 1785 conpatiuntur
400 1703 438 1766 et
458 1705 586 1768 cetere
606 1703 786 1769 membra:
809 1706 846 1768 et
867 1702 900 1767 si
919 1703 1092 1767 laetatur
1114 1721 1224 1767 mem·

64 1807 213 1872 icbrum
244 1825 370 1885 unum,
403 1806 686 1872 conlaetantur
707 1808 837 1872 cetera
859 1805 1035 1871 membra.
1067 1804 1225 1889 conpatior

99 1928 170 1995 ego,
202 1910 346 1976 condoleo
373 1909 522 1976 fratribus
549 1909 673 1988 nostris,
702 1910 755 1991 qui
778 1909 858 1991 lapsi
881 1909 912 1974 et
932 1908 1153 1992 persecutionis
1175 1908 1224 1973 in·

98 2013 265 2079 testatione
287 2014 435 2098 prostrati
456 2014 577 2097 partem
599 2015 775 2078 nostrorum
796 2013 951 2077 uiscerum
974 2031 1077 2077 seeum
1099 2010 1224 2076 trahen-

100 2119 151 2182 tes
180 2135 287 2200 parem
317 2116 452 2182 dolorem
481 2116 570 2182 uobis
600 2116 664 2180 suis
692 2114 872 2181 uulneribus
895 2114 1081 2180 intulerunt:
1112 2113 1225 2196 quibus

99 2218 211 2303 potens
240 2220 287 2285 est
316 2218 422 2285 diuina
450 2218 662 2284 misericordia
690 2217 857 2283 medebam
885 2220 966 2283 dare.
1000 2216 1224 2301 properandum

66 2322 210 2386 retamen
237 2340 297 2387 non
323 2322 398 2403 puto
425 2341 481 2387 nec
503 2322 626 2387 incaute
649 2320 769 2404 aliquid
791 2323 823 2386 et
844 2321 1024 2386 festinanter
1045 2320 1224 2403 gerendum,

100 2444 142 2491 ue
172 2426 248 2491 dum
276 2426 392 2491 temere
420 2444 480 2510 pax
508 2426 676 2508 usurpatur
706 2425 828 2491 diuinae
858 2426 1077 2510 indignationis
1113 2425 1227 2491 offensa

104 2528 234 2614 grauius
257 2529 446 2613 prouocatur.
470 2527 608 2594 fecerunt
630 2528 669 2593 ad
691 2545 746 2593 nos
769 2529 807 2593 ‹le
829 2527 1014 2611 quibusdam
1036 2528 1120 2593 beati
1141 2547 1226 2593 mar·

101 2632 190 2717 tyres
210 2630 331 2697 litteras
353 2632 492 2716 petentes
515 2632 682 2698 examinari
705 2630 856 2697 desideria
876 2650 940 2697 sne.
965 2651 1036 2697 cnm
1050 2650 1125 2713 pace
1139 2631 1228 2696 nobis

207 2869 273 2925 err
290 2870 349 2925 cor.
369 2870 410 2937 11,
428 2870 471 2925 as.
525 2870 708 2943 ereneus,
727 2870 769 2925 se.

157 3093 245 3163 Epist.
257 3092 344 3147 xvia
359 3092 507 3162 —Incipit
528 3091 562 3146 ed
582 3092 688 3162 plebem
709 3092 783 3147 laete
802 3091 958 3161 significans
978 3092 1043 3161 quid
1064 3093 1123 3162 (qui
1142 3093 1175 3163 Q)
1196 3091 1231 3146 eal

106 3195 170 3233 enm
193 3180 323 3247 martyres
343 3178 486 3248 (martyres
511 3177 545 3249 Q)
564 3178 597 3232 (le
616 3177 701 3247 lapsis
722 3178 851 3247 petierint
872 3165 1014 3247 (petierE,
1037 3177 1174 3247 petierunt
1197 3178 1231 3249 Q)

106 3264 213 3335 Erec,
233 3264 275 3319 Asi
286 3263 390 3333 plebem
400 3266 497 3319 utnon
513 3263 594 3318 facile
611 3263 710 3332 aliquis
727 3264 905 3317 communicet
915 3279 947 3318 ex
959 3264 998 3318 eis
1009 3264 1057 3332 qui
1068 3264 1156 3318 curati
1167 3266 1232 3318 snut

104 3350 163 3405 nisi
172 3334 235 3421 p‘en't
244 3350 383 3419 legiptime
392 3350 477 3420 egerit
485 3371 518 3421 μ,
531 3366 581 3405 om.
591 3370 620 3403 ω.
630 3350 690 3403 -3
701 3350 874 3419 ingemiscere
883 3350 954 3420 Epa',
967 3349 1148 3404 intremiscere
1159 3350 1198 3420 μι

106 3436 199 3491 dolore
213 3438 239 3492 Τ
321 3452 352 3491 er
363 3452 406 3490 mc
416 3436 480 3506 scio]
493 3452 595 3491 mereor
606 3456 627 3490 ω
712 3436 840 3491 tiretres
853 3474 860 3487 .
871 3474 894 3487 ..
908 3436 1058 3506 ingemesco
1070 3450 1120 3490 ose
1132 3434 1199 3490 Eoo

106 3522 266 3593 5seutiorp
319 3522 454 3591 spostolus
465 3522 558 3577 beatos
570 3525 605 3578 Τ*
656 3522 754 3577 ildirit
762 3541 802 3594 μυ
853 3523 1035 3592 inquireres
1086 3521 1159 3591 iqui
1170 3522 1202 3576 E

108 3622 231 3679 egenen
247 3624 304 3679 μου
388 3608 406 3663 8
423 3608 574 3679 conpatitur
587 3628 608 3663 ω
693 3625 777 3663 unum
794 3609 941 3664 membrum
956 3611 995 3664 To
1080 3608 1098 3662 9
1114 3606 1234 3663 membre

108 3710 196 3765 omps
285 3694 319 3749 10
335 3710 417 3749 uuum
434 3695 610 3751 membraneo
696 3697 724 3749 et
736 3694 922 3750 conlectantur
932 3694 995 3765 EQ.
1015 3696 1044 3748 et
1055 3693 1233 3749 collaetentur

109 3784 140 3835 et
152 3795 178 3846 o,
193 3780 371 3835 oolleetsntur
383 3782 411 3835 et
422 3798 484 3852 poe
579 3782 611 3835 11
624 3796 672 3851 ego
688 3783 742 3852 Τμ,
759 3796 823 3850 ergo
835 3780 926 3851 EQoo
1011 3778 1149 3834 condoleor
1163 3780 1193 3844 T,
1207 3781 1235 3833 et
1275 3836 1280 3845 ,

109 3854 237 3923 condoleo
248 3868 354 3939 Εομωυ
418 3867 450 3921 de
463 3866 593 3921 tratribus
605 3884 645 3938 μυ
703 3865 787 3936 lapsis
801 3866 833 3935 Q,
846 3882 895 3920 one
908 3886 931 3936 μ
996 3865 1030 3919 12
1040 3864 1168 3935 penetrati
1179 3884 1201 3918 ω

109 3954 146 4008 13
165 3952 266 4024 parem]
283 3970 338 4007 rem
350 3952 389 4007 E*
397 3952 427 4023 Q,
450 3968 537 4007 eorem
550 3952 606 4007 E’o
707 3952 740 4006 14
757 3967 896 4021 properem
912 3950 976 4006 dum
990 3950 1046 4021 ΤΟ,
1068 3966 1236 4020 properemus

112 4041 180 4096 (lum
190 4041 266 4105 mo,
285 4038 349 4095 ilum
360 4039 408 4105 m,
426 4054 477 4095 osu.
490 4054 505 4093 o
604 4037 638 4093 15
648 4041 714 4107 puto
731 4040 765 4092 ise
781 4040 873 4106 putem
890 4052 962 4093 corr.
977 4036 1044 4107 Qen
1056 4040 1076 4091 2
1093 4038 1168 4106 (puto
1179 4037 1235 4106 Μ),

114 4129 181 4196 pute
199 4146 228 4191 ω,
248 4127 313 4196 pute
325 4126 377 4191 ΕΙ,
396 4128 492 4195 putent
509 4139 620 4194 propere
632 4124 689 4192 E¹;
710 4125 808 4193 putent
824 4139 934 4193 propere
955 4125 1072 4177 temone
1169 4124 1198 4177 et
1209 4123 1240 4177 E

108 4228 132 4266 s.
145 4213 163 4266 l.
176 4227 209 4267 se
223 4214 251 4277 2,
264 4226 312 4266 one
326 4231 347 4265 ω
416 4210 449 4265 16
461 4227 493 4266 ne
505 4210 568 4266 dum
579 4226 631 4265 om.
643 4210 685 4275 M,
702 4210 760 4263 nesi
771 4208 835 4265 dum
849 4208 930 4281 Qeed
941 4209 1001 4265 uesi
1012 4224 1034 4263 s.
1046 4208 1063 4263 1.
1076 4224 1111 4263 es.
1123 4210 1151 4274 2,
1164 4207 1235 4262 nesi

114 4296 183 4352 Eous
250 4299 391 4367 usurpetur
403 4296 494 4367 EQou
562 4296 596 4351 18
608 4295 744 4351 nobiscum
760 4298 786 4350 Τ
