3025 4967
1063 428 1176 477 LXXXI

84 566 164 629 ortus
181 579 253 628 uero
270 562 445 628 innumeris
464 564 541 629 locis
561 564 743 629 emendatus
756 565 790 629 ei
803 564 842 629 si
857 564 1024 649 genuinam
1044 565 1177 631 formum

83 675 200 741 15115515
210 680 269 756 est,
284 679 322 742 ut
332 676 457 741 Erasmi
471 676 604 741 15551515
618 676 800 762 integritate
812 678 850 743 eb
863 698 899 743 eu
910 680 1001 762 longo
1017 679 1178 760 superetur
1295 739 1297 745 .

84 788 192 870 uapbs
205 806 280 855 sune
293 788 452 854 nonnullis
465 788 557 854 libris
572 791 604 854 et
619 788 735 873 spuriis
749 788 914 873 plerisque,
935 790 969 855 in
984 790 1096 873 quibus
1111 791 1179 855 5555

83 899 239 965 1531151115
254 901 377 982 pendet

111 1009 220 1076 Nouem
233 1028 361 1095 prorsus
377 1014 463 1079 uiam
477 1014 586 1079 eodem
600 1016 739 1096 tempore
753 1014 911 1098 ingressus
927 1016 974 1079 est
990 1013 1180 1091 Guilielmue
1187 1035 1261 1081 11155
1270 1035 1341 1081 nuc

33 1183 34 1224 ἶ
83 1120 214 1199 Herelius,
234 1122 291 1205 qui
310 1123 465 1205 prioribus
486 1124 674 1190 editionibus
694 1125 847 1209 neglectis
861 1125 1032 1190 marimum
1047 1126 1179 1208 scripto·
1231 1106 1299 1150 ¹²⁸³*

33 1229 34 1238 ’
81 1251 133 1297 run
149 1236 269 1314 purtem
289 1254 326 1300 ex
340 1236 497 1301 codicibus
518 1236 617 1301 denuo
637 1236 877 1317 imprimeudum
893 1236 1015 1301 curauit
1030 1236 1061 1301 55
1076 1236 1181 1319 spuria

83 1345 205 1425 conplura
224 1346 351 1411 adiecit.
374 1347 491 1430 prodiit
511 1348 607 1412 editio
622 1347 754 1413 Parisiis
776 1348 858 1431 apud
873 1346 955 1413 Guil.
972 1347 1102 1413 Desbois
1122 1347 1179 1411 sab

81 1453 469 1523 Soleuureouielacobueue.
479 1459 570 1524 1564.
579 1459 688 1523 insunt
694 1458 783 1522 baec:
792 1456 938 1521 Adriani
944 1456 1083 1521 Tarrubi
1086 1476 1182 1538 prae-

81 1566 142 1644 [ab
157 1568 199 1633 aa
219 1567 373 1633 Garoium
392 1569 664 1635 Maaimilianum
688 1568 847 1634 Vatusium
863 1568 1064 1633 Francorum
1081 1588 1182 1651 renem

81 1677 366 1763 clristimsissimum,
390 1681 463 1747 Vite
479 1680 637 1764 Cypriani
645 1702 707 1763 per
720 1681 883 1759 Pontium,
901 1681 1001 1746 Actus
1017 1680 1183 1746 Passionis

81 1790 151 1854 aira
170 1790 310 1857 Pontius
333 1794 487 1872 manauit,
513 1793 628 1858 Passio
648 1813 708 1874 per
728 1791 871 1857 Paulum
895 1791 1063 1857 otiacmrum
1088 1791 1183 1869 edita,

81 1898 367 1986 Passioeaautiquis
372 1904 634 1986 iibrisdeseripta,
639 1903 754 1969 Passio
756 1924 816 1985 per
821 1902 1033 1969 Prudentium
1041 1901 1183 1985 (Punica

81 2014 330 2099 1515570555),
345 2013 493 2090 Qualiter
502 2020 683 2080 sanctmum
692 2016 879 2097 Martyrum
890 2014 1047 2097 Cypriani
1055 2014 1183 2095 Sperati

81 2121 273 2191 Pantaleonis
285 2127 441 2208 reliquiae
455 2126 650 2210 1515655551
664 2110 797 2208 adeptae
811 2128 883 2204 sint,
901 2126 1008 2193 Sermo
1023 2124 1056 2191 S.
1072 2126 1184 2207 Anau-

80 2235 141 2298 utu
152 2237 188 2303 ric
201 2238 236 2305 6.
255 2238 421 2320 Cypriane
434 2244 573 2321 martyre
586 2239 619 2305 et
633 2239 695 2304 ulie
710 2238 826 2322 elogia3
854 2238 964 2303 deiude
979 2237 1085 2303 indice
1095 2256 1183 2320 prue-

80 2346 155 2412 uisso
176 2369 272 2433 opera
293 2351 352 2416 boc
374 2351 497 2417 ordine:
523 2351 627 2416 libelli
641 2352 667 2415 I.
683 2350 721 2414 X.
737 2350 794 2429 IX,
821 2350 973 2433 epistulae
995 2350 1046 2413 37.
1064 2348 1113 2413 38.
1133 2348 1183 2426 10,

80 2456 161 2524 libelli
174 2462 213 2525 V.
228 2462 305 2527 VII.
322 2462 411 2527 vm.
427 2463 483 2527 XI.
499 2463 572 2527 ΧΠ.
587 2463 677 2527 XIII.
693 2462 748 2526 IV.
766 2462 821 2540 VI,
837 2462 988 2544 epistulae
1003 2461 1053 2527 30.
1067 2461 1117 2525 60.
1130 2460 1183 2526 57.

82 2569 118 2635 5.
136 2572 185 2638 55.
206 2574 261 2638 41.
283 2574 338 2639 45.
359 2576 412 2639 44.
428 2576 480 2641 51.
505 2575 554 2640 15.
577 2576 629 2640 45.
653 2575 705 2641 55.
724 2575 751 2639 1.
768 2575 819 2639 51.
840 2574 892 2639 45.
915 2574 966 2639 54.
989 2572 1039 2637 32.
1064 2571 1115 2636 20.
1135 2571 1185 2635 12.
1228 2554 1231 2564 '

83 2680 121 2745 78.
132 2684 179 2749 67.
195 2685 247 2750 64.
262 2686 295 2750 2.
312 2687 342 2751 3.
360 2686 410 2750 14.
425 2686 479 2752 49.
494 2687 545 2751 50.
561 2686 613 2752 68.
625 2687 647 2767 †
659 2685 710 2750 75.
725 2686 779 2751 53.
797 2686 847 2751 16.
866 2685 914 2751 15.
932 2684 983 2748 17.
1000 2684 1050 2748 18.
1067 2682 1117 2748 19.
1133 2682 1185 2748 26.

82 2791 121 2858 25.
138 2798 166 2861 9.
186 2797 239 2862 29.
260 2797 315 2863 56.
334 2798 362 2861 7.
379 2798 409 2874 6,
427 2797 483 2862 lib.
500 2798 543 2877 ΙΙ,
565 2798 598 2863 4.
612 2797 664 2863 55.
680 2797 733 2862 28.
750 2796 800 2861 11.
815 2798 867 2863 39.
883 2797 933 2863 58.
950 2796 991 2861 69
1016 2790 1184 2879 (dimidia).

82 2904 121 2969 48.
134 2908 180 2972 66.
194 2908 248 2973 40.
265 2909 319 2985 63,
334 2905 385 2973 De
397 2908 491 2973 imae
501 2908 664 2989 martyrii,
680 2908 730 2973 73.
747 2908 796 2973 71.
815 2908 866 2985 70,
882 2907 1060 2974 Sententiae
1074 2905 1187 2986 onisco·

82 3034 182 3093 mrum.
209 3020 262 3085 74
289 3020 341 3085 69.
371 3019 422 3084 72.
447 3019 501 3085 31.
528 3020 580 3097 77,
607 3020 658 3095 79,
688 3018 790 3100 5Αά
823 3017 977 3101 licitam
1002 3017 1186 3098 5555555555,

82 3127 266 3203 triduanus
280 3130 417 3195 Iudaeos
435 3131 492 3211 qui
510 3128 646 3195 imcutit
659 3134 734 3194 sunt
748 3130 912 3195 dominum
926 3132 1068 3193 nostrum
1083 3128 1189 3193 Iesum

85 3234 235 3319 musam,
262 3242 316 3320 80,
342 3241 397 3305 Ad
414 3240 589 3315 Quirinum
603 3241 677 3306 libri
692 3243 766 3317 tres,
792 3240 843 3305 54.
860 3242 911 3306 23.
927 3241 978 3307 24.
995 3240 1083 3321 521.
1099 3241 1121 3320 †
1135 3241 1186 3304 22.

84 3346 135 3425 ti.
149 3352 197 3418 35.
213 3356 267 3421 36.
286 3354 337 3419 33.
353 3354 405 3418 34.
420 3352 473 3418 41.
488 3355 519 3419 5.
536 3351 623 3434 †De
636 3352 836 3431 aimteribus,
851 3350 901 3417 De
915 3352 991 3416 bono
1000 3350 1190 3433 55ᾶὶ55555,

85 3460 361 3530 AtNouatiauum
384 3465 574 3530 5555555515
594 3464 676 3546 quael
697 3464 889 3546 tanaceta,
916 3463 966 3529 76.
988 3463 1040 3528 42.
1063 3463 1114 3528 62.
1136 3462 1202 3541 81,

86 3569 321 3655 Despuaaculis,
335 3576 386 3641 De
393 3575 516 3658 duplici
526 3576 689 3657 memorio,
703 3573 753 3641 Dc
765 3574 989 3657 sinautaritate
999 3573 1190 3651 clericorum,

33 3705 34 3710 ¹
86 3680 125 3748 De
140 3688 357 3753 cardinalibus
373 3687 493 3753 otmar*
516 3688 669 3770 55517555,
694 3686 862 3768 Expositis
881 3686 919 3751 in
939 3678 1118 3768 symbolum,
1140 3684 1193 3751 De

86 3800 221 3865 mutibus
235 3801 324 3867 Sina
339 3804 368 3865 et
383 3800 471 3878 Sion,
493 3798 581 3882 †De
594 3799 754 3864 duodecim
774 3798 976 3863 abusionibus
990 3796 1115 3876 saccati,
1140 3795 1192 3861 De

33 3933 34 3955 ¹
87 3910 254 3976 ructatione
267 3912 387 3993 captis
401 3913 468 3993 etc,
483 3914 504 3994 †
516 3910 691 3993 Dispositio
705 3931 825 3988 555555,
841 3910 999 3976 Carmina
1013 3911 1035 3991 †
1050 3908 1190 3985 Gemsis,

87 4020 245 4105 raama,
266 4023 321 4089 De
340 4044 428 4089 cruce
446 4024 578 4101 dornini,
598 4022 861 4105 1405555555
875 4026 1055 4086 5555555515.
1077 4021 1192 4102 quse†

88 4128 160 4214 liguo
177 4136 284 4202 notaui
304 4138 378 4199 tum
397 4135 514 4201 inedita
535 4136 631 4201 eruut.
653 4134 802 4199 Morelius
821 4134 1003 4216 priusquam
1022 4131 1190 4197 editionem

33 4265 34 4268 ¹
90 4240 207 4311 absoluit
225 4249 375 4313 mortuus
390 4246 427 4311 de
441 4247 597 4313 codicibus
611 4247 642 4310 55
657 4266 732 4311 suae
746 4245 929 4311 recensionis
949 4244 1067 4310 ratione
1082 4242 1192 4308 critice

90 4356 156 4420 nibil
172 4359 286 4443 5551115,
309 4357 397 4441 quod
414 4378 484 4424 cum
504 4359 652 4424 audemus
665 4360 699 4424 iu
712 4376 750 4423 es
764 4376 797 4423 re
811 4376 844 4423 sc
858 4356 990 4442 gessisse
1009 4369 1067 4419 nou
1089 4352 1191 4419 uideri

172 4482 221 4530 nr.
974 4460 990 4525 f
