3025 4967
8 295 13 416 l

8 558 21 672 i
81 576 280 656 instituisset,
300 576 543 660 discrepantium
564 577 788 659 scripturarum
803 576 993 643 existimatio
1009 595 1071 643 non
1086 576 1208 658 poterat
1326 593 1331 603 ·

8 823 13 912 l

8 1053 13 1194 l

1068 440 1206 488 LXXXIX

82 709 137 754 non
162 706 231 753 esse
252 688 404 772 ambigna
423 690 456 753 et
474 688 605 754 lubrica.
627 690 771 771 equidem
786 690 823 752 ut
842 706 898 769 par
918 688 1031 753 eratin
1047 686 1208 769 impeditis

82 802 110 866 ot
132 800 236 865 uariis
262 798 516 883 Cyprianicorum
545 799 686 865 codicum
716 798 946 865 condicionibus
974 798 1209 882 diligentiorem

82 932 207 995 oporam
227 912 261 976 in
281 911 340 975 hac
365 911 545 993 quaestione
570 910 728 989 collocaui,
756 929 851 992 quam
866 910 894 974 si
908 908 986 974 uiris
1014 908 1113 975 doctis
1139 927 1211 992 pro-

81 1024 204 1101 bauero,
236 1024 384 1106 quattuor
413 1022 477 1087 fore
501 1040 650 1087 annorum
673 1020 863 1087 indefessum
888 1021 1026 1085 laborem
1053 1040 1112 1104 quo
1138 1020 1210 1103 plus

83 1135 293 1219 qnadraginta
312 1133 409 1199 libros
430 1133 549 1200 excussi
571 1134 649 1198 satis
663 1133 795 1215 praemii
810 1134 937 1199 nactum
952 1150 1017 1197 esse
1031 1133 1156 1214 putabo.
1176 1132 1211 1215 in

82 1246 172 1311 rebus
186 1245 438 1331 orthographicis
453 1244 686 1328 antiquissimos
700 1245 807 1329 libros,
824 1218 1064 1328 seguierianum'
1074 1244 1107 1310 in
1119 1242 1211 1309 libel-

83 1358 128 1435 is,
142 1358 180 1421 in
192 1357 338 1440 epistulis
349 1358 468 1440 primae
479 1356 619 1422 familiae
630 1356 908 1434 vindobonensem,
921 1354 1211 1438 wirceburgensem

84 1470 181 1535 oram
195 1470 231 1533 a
243 1468 428 1535 dracmam
442 1471 567 1534 seusus
582 1474 655 1533 sum·
667 1468 809 1534 nudans
823 1468 855 1533 eo
870 1449 1135 1551 pruneriensem,
1150 1466 1213 1532 mss

8 1599 9 1664 ξ
82 1582 162 1645 forte
188 1598 228 1644 ea
251 1581 292 1646 ab
318 1582 443 1645 suamne
471 1580 538 1662 ipso
566 1580 705 1663 profecta
730 1598 797 1645 esse
823 1578 974 1644 librorum
1004 1596 1150 1644 consensu
1176 1580 1213 1643 ut

83 1692 240 1756 crederem
260 1691 445 1757 adducebar.
467 1690 506 1755 ab
520 1690 561 1755 iis
575 1708 649 1755 uero
669 1689 724 1755 ubi
744 1690 868 1769 recessi,
889 1690 1035 1774 grauiora
1049 1691 1082 1755 et
1096 1688 1214 1754 rariora

83 1802 206 1867 motuni
234 1802 410 1887 diligenter,
435 1802 556 1867 minora
580 1820 642 1866 non
666 1800 754 1879 item,
781 1801 870 1867 uelut
896 1800 1064 1883 inquibus
1090 1819 1213 1867 summa

84 1914 375 1996 antiquissimorum
404 1914 514 1979 homm
543 1913 695 1978 librorum
726 1914 863 1978 cernitur
891 1913 1108 1991 inconstantia,
1146 1912 1214 1978 dico

8 2039 9 2048 ¹
83 2025 361 2090 commutationem
381 2025 558 2121 litterarum
579 2044 617 2088 oe
632 2025 663 2089 et
678 2044 703 2109 e,
722 2026 784 2089 oet
798 2025 821 2103 i,
837 2044 859 2105 y
873 2026 905 2089 et
919 2025 942 2107 i,
958 2046 980 2089 o
995 2027 1028 2090 et
1042 2024 1069 2103 b,
1079 2023 1128 2105 pb
1142 2025 1174 2088 et
1188 2024 1215 2107 s,

8 2135 9 2138 ’
83 2136 115 2199 ib
134 2138 169 2201 et
181 2141 205 2214 t,
229 2136 291 2200 tet
304 2136 335 2216 d,
357 2136 804 2219 consonantium'liquidarum
825 2136 1074 2221 geminationem,
1096 2135 1215 2218 aspira·

83 2249 203 2315 tionem
217 2248 312 2313 modo
327 2249 465 2313 additum
480 2249 570 2313 modo
585 2249 769 2334 neglectam,
785 2248 1047 2333 praepositionum
1059 2247 1215 2313 assimila-

8 2391 9 2402 *
84 2361 211 2425 tionem.
241 2359 316 2425 haec
345 2360 440 2426 semel
463 2360 514 2425 uel
536 2360 720 2443 aliquotiens
745 2361 909 2427 adnotasse
936 2360 1011 2424 satis
1036 2358 1132 2424 habui
1154 2358 1217 2424 nisi

84 2471 138 2537 nbi
161 2471 247 2536 talia
267 2472 309 2536 ad
328 2472 578 2556 inuestigandam
600 2472 787 2554 scripturam
811 2490 918 2536 ueram
939 2469 1058 2551 aliquid
1080 2470 1215 2535 conferre

84 2583 279 2647 uiderentur.
307 2582 380 2647 hnic
402 2582 587 2665 praelationi
612 2582 706 2647 linem
730 2582 889 2663 imponere
910 2598 970 2645 non
990 2598 1125 2663 possum,
1153 2579 1216 2643 nisi

83 2695 163 2760 uiris
189 2694 382 2760 doctissimis
408 2696 524 2779 gratias
550 2712 639 2780 egero
665 2694 818 2760 maximas
845 2693 898 2775 qui
922 2692 995 2758 huic
1016 2711 1108 2758 curae
1130 2710 1217 2757 meae

8 2871 9 2884 ,
83 2824 213 2891 oporam
250 2825 341 2871 suam
373 2806 509 2872 humane
543 2825 657 2872 nauare
692 2806 868 2883 uoluerunt,
905 2803 1049 2886 inprimis
1081 2802 1218 2868 Ioanni

8 2941 9 2980 r
83 2917 240 2984 Vahlen
275 2917 326 2982 cni
356 2918 439 3003 grati
473 2919 570 2983 animi
603 2916 792 2983 testificandi
822 2932 913 2981 causa
940 2916 1020 2981 hanc
1049 2914 1216 2980 editionem

83 3028 200 3107 dicaui,
233 3028 346 3094 deinde
375 3027 509 3095 Oarolo
537 3029 667 3107 Halm,
701 3028 879 3113 Augusto
908 3025 1215 3109 Reifferscheid,

84 3137 1217 3224 GuilielmoduRiou,heopoldollolisle,AntonioRulend,

8 3241 9 3312 l
85 3251 135 3317 W.
151 3252 290 3330 Nolis,
306 3250 443 3318 Garolo
458 3252 723 3329 Aldenhonen,
739 3250 916 3334 Augusto
932 3248 967 3315 Ο.
983 3250 1040 3315 ur.
1055 3251 1216 3329 Lorenu,

85 3365 137 3447 qni
163 3365 280 3449 partim
308 3365 461 3429 librorum
489 3384 584 3430 manu
613 3364 797 3446 scriptorum
824 3361 903 3427 mihi
929 3362 1049 3444 copiam
1078 3362 1219 3427 lecerunt

8 3525 9 3530 η
85 3478 198 3559 partim
218 3496 270 3543 eos
290 3476 429 3542 officiose
448 3476 646 3558 inspexerunt
665 3494 830 3557 meumque
849 3476 883 3540 in
898 3493 989 3539 usum
1011 3473 1217 3538 contnrlernmt

125 3588 241 3673 Scripsi
257 3588 465 3655 vindobonae
478 3606 583 3654 mensa
597 3587 743 3673 Augusto
759 3607 786 3653 a.
805 3586 898 3652 1870.

807 3977 1011 4044 Guilelmus
1033 3977 1174 4041 llartel.
