3025 4967
519 313 679 384 Epistula
695 312 871 368 Ian-axi.
1191 316 1254 381 695

132 472 399 555 deprecationibus
426 471 549 537 crebris.
579 470 655 535 baec
679 471 753 535 suut
777 470 859 534 enim
884 468 972 535 uobis
998 486 1084 535 arma
1110 468 1255 535 colesea

133 594 215 658 quaa
234 574 317 641 atara
331 576 364 639 et
377 591 572 658 perseuerare
590 572 713 638 fortiter
732 572 860 638 faciunt.
884 572 959 637 haec
974 571 1047 637 sunt
1062 571 1256 637 munimenta

132 676 291 761 spiritalia
305 679 337 743 et
350 678 415 743 tela
429 677 536 742 diuina
551 695 631 759 quaa
643 678 821 760 protegunt.
843 692 993 741 memores
1008 676 1106 739 nostri
1119 674 1255 741 inuicem

134 782 244 858 umus,
267 781 427 847 concordes
448 780 547 863 adque
569 780 739 857 unanimos,
763 778 931 861 utrubique
953 796 1007 861 pro
1028 778 1117 843 nobis
1137 795 1257 861 semper

111 901 270 961 seramus,
293 900 449 965 pressuras
463 884 496 948 et
509 882 669 967 augustias
691 882 803 947 mutua
824 881 954 947 caritate
975 881 1158 959 releuamus,
1182 883 1215 947 et
1229 881 1257 947 si
1273 898 1278 915 ι

133 988 205 1070 quis
225 986 319 1051 istinc
337 987 477 1051 nostrum
496 985 581 1068 prior
600 985 724 1072 diuinae
739 984 928 1073 dignationis
944 984 1102 1049 celeritate
1115 1002 1257 1067 praeces·

130 1091 221 1168 serit,
240 1090 414 1173 perseuerat
434 1088 521 1171 apud
530 1088 700 1153 Dominum
714 1088 819 1153 nostra
834 1088 967 1167 dilectio,
989 1105 1044 1170 pro
1060 1086 1209 1171 iratribus
1224 1088 1256 1152 et

132 1192 290 1259 soronbus
315 1192 430 1258 uostris
454 1191 536 1273 apud
561 1191 804 1257 misericordiam
826 1191 925 1275 patris
947 1206 1007 1256 non
1028 1191 1126 1257 cassat
1148 1191 1256 1255 oratio.

134 1298 209 1381 opto
221 1298 264 1375 te,
278 1296 374 1361 frater
388 1295 556 1374 carissima,
571 1311 692 1377 semper
705 1295 784 1361 bane
798 1292 910 1360 ualere.

420 1518 789 1697 enisurus
825 1585 969 1698 nni.
1077 1642 1080 1647 ·

296 1788 499 1844 aaa,
520 1788 595 1845 ιιι
613 1789 784 1847 arria
801 1790 907 1869 ias
925 1789 1058 1845 iuis
1076 1788 1102 1843 s.

178 1958 220 2025 nt
234 1979 331 2044 nuper
345 1961 470 2044 quidam
485 1962 555 2041 tibi,
571 1962 666 2027 irater
686 1962 854 2043 carissima,
875 1962 1026 2047 gratulati
1047 1980 1163 2041 snmus,
1185 1968 1282 2031 cuml

133 2066 168 2128 te
181 2062 294 2129 honore
308 2064 466 2148 geminato
481 2064 514 2129 in
529 2064 675 2133 ecclesiae
689 2084 763 2131 suae
774 2064 1041 2131 administratione
1053 2064 1256 2151 confesserem

132 2168 251 2251 pariter
266 2167 298 2232 et
312 2168 502 2233 sacerdotem
521 2168 683 2233 constituit
697 2167 804 2233 diuina
819 2168 965 2247 dignatio.
988 2166 1042 2232 sad
1057 2169 1088 2233 at
1102 2186 1184 2233 nunc
1197 2188 1256 2234 uon

95 2271 242 2337 caminus
257 2270 316 2335 tibi
331 2271 363 2334 et
377 2270 542 2336 comitibus
556 2270 620 2335 tuis
634 2269 732 2353 adque
755 2271 915 2336 uniuersae
937 2270 1128 2336 fraternitati
1149 2270 1256 2356 gratu-

133 2374 238 2439 lamur
261 2372 434 2456 quodcum
455 2374 561 2439 cedam
583 2374 683 2458 gloria
706 2376 738 2439 et
762 2373 906 2439 laudibus
926 2374 1039 2439 uestris
1061 2374 1186 2440 reducas
1201 2392 1257 2438 nos

133 2477 234 2573 denuo
259 2478 300 2541 ad
325 2494 396 2541 suos
421 2475 529 2543 facerit
553 2476 687 2562 benigna
710 2477 839 2543 Domini
865 2479 897 2543 et
921 2476 1010 2562 larga
1034 2476 1194 2561 protectio,
1221 2479 1257 2542 nt

131 2578 284 2664 pascendo
306 2579 395 2664 gregi
417 2581 522 2662 pastor
537 2580 568 2645 et
583 2580 797 2665 gubernandae
819 2582 891 2646 naui
913 2580 1099 2665 gubernator
1119 2582 1151 2645 at
1173 2580 1256 2663 plebi

132 2682 283 2778 regendae
303 2683 402 2747 rector
416 2681 593 2748 redderetur
607 2686 639 2748 at
653 2684 812 2767 appararet
826 2684 1045 2771 relegationem
1060 2686 1197 2749 uestram
1212 2684 1256 2749 sio

96 2783 289 2855 aadiuinitns
304 2803 368 2851 esse
390 2783 582 2867 dispositam,
603 2803 662 2850 non
682 2786 719 2850 ut
740 2786 898 2869 episcopus
919 2787 1075 2871 relegatus
1096 2787 1127 2852 et
1148 2786 1256 2868 pubes

137 2888 284 2954 ecclesiae
299 2887 427 2972 deesset,
442 2889 497 2953 sed
511 2889 548 2953 ut
562 2889 600 2954 ad
615 2889 775 2954 ecclesiam
790 2890 889 2955 maior
902 2889 1027 2955 rediret.

178 2990 284 3073 Neque
299 2992 382 3056 enim
396 2990 429 3055 in
444 2991 545 3056 tribus
559 2991 665 3075 pueris
680 2992 780 3057 minor
794 2990 857 3057 fuit
868 2991 1010 3075 martyrii
1023 2992 1167 3075 dignitas,
1184 2992 1285 3074 quiat

132 3094 232 3158 morta
254 3092 405 3159 frustrata
419 3092 457 3158 de
471 3094 590 3159 camino
606 3094 687 3178 ignis
701 3095 871 3160 incolumes
886 3096 1024 3161 exierunt
1039 3100 1093 3159 ant
1108 3112 1168 3159 non
1183 3112 1256 3160 con-

187 3296 202 3349 l
215 3298 340 3350 sunteas.
357 3295 408 3352 ΟΒ
546 3296 738 3352 2monimauta
754 3299 790 3353 0²
929 3298 1094 3367 3spiritalia
1106 3313 1155 3351 om.
1173 3296 1222 3353 OB

133 3382 160 3435 ai
170 3396 300 3436 memoras
313 3382 338 3435 Τ
468 3382 591 3451 trimus]
603 3398 695 3436 sumus
707 3382 763 3438 LT
892 3382 1017 3438 concorda
1030 3398 1063 3437 ac
1075 3398 1118 3436 eor
1130 3381 1206 3436 eorde
1220 3382 1256 3446 R,

133 3466 213 3521 corde
227 3468 253 3519 Τ
335 3467 494 3536 utrubrique
505 3468 540 3533 R,
553 3468 659 3536 utrique
671 3484 706 3523 aa
717 3468 898 3538 utrumqueO
987 3467 1216 3537 breualemule¹

135 3552 269 3608 sacac
352 3551 544 3609 muscas
633 3537 748 3608 auffi‘c
838 3555 1013 3610 aoranae
1104 3555 1251 3623 copae...

132 3638 226 3693 ualere
246 3654 295 3695 car.
313 3639 362 3694 GL
496 3641 525 3695 ta
542 3655 577 3695 aa·
593 3656 641 3695 uos
653 3640 687 3694 P.
701 3640 789 3694 -Ad
805 3639 935 3711 (Explicit
953 3639 1036 3708 adP)
1053 3639 1206 3695 Cornelium
1223 3638 1256 3693 de

136 3725 301 3779 mnfcsaiona
318 3726 375 3779 eiua
392 3724 503 3795 explicit
519 3727 582 3794 (aaa
596 3725 633 3794 P)
646 3726 707 3790 ΕΡ,
725 3726 768 3780 Ad
780 3725 931 3781 Cornelium
943 3727 958 3779 Ι
969 3725 1012 3795 (de
1024 3726 1188 3781 confusione
1199 3725 1256 3794 epi-

132 3811 209 3865 stula
225 3811 313 3880 prima
326 3811 361 3881 Q)
378 3811 487 3881 explicit
501 3811 557 3882 TQ,
577 3812 619 3866 Ad
631 3812 783 3867 Cornelium
796 3812 857 3867 ·111·
875 3812 984 3882 explicit
996 3812 1029 3875 R,
1052 3811 1170 3881 Explicit
1187 3810 1256 3865 liber

133 3896 196 3950 ·m·
209 3894 293 3952 cecili
304 3896 431 3966 Cypriani
443 3894 478 3951 ad
489 3896 641 3965 Cornelium
657 3899 686 3954 0.
699 3928 732 3939 -

185 3982 271 4052 Epist
284 3973 353 4037 nxl.
366 4012 400 4024 -
412 3982 515 4053 Incipit
526 3986 588 4053 (aaa
605 3986 640 4052 T)
652 3984 685 4039 ad
697 3984 810 4039 Lucium
823 3984 868 4053 (ad
879 3985 992 4039 Lucium
1011 4000 1061 4039 om.
1078 3985 1114 4053 L)
1127 3984 1159 4038 de
1176 3984 1256 4037 exilio

131 4082 270 4123 reuersum
280 4068 418 4139 FLPQT.
433 4098 467 4109 -
479 4069 514 4123 13
524 4067 786 4124 administrationem
802 4070 825 4141 Q
953 4070 1166 4139 1sgracu1amur
1178 4069 1218 4124 L¹

134 4155 168 4209 16
179 4154 270 4209 eodem
281 4152 313 4207 F
420 4154 528 4210 mucce
538 4158 566 4209 et
581 4155 617 4209 Τι
732 4156 767 4210 19
778 4156 966 4225 religationem
979 4156 1013 4221 P,
1026 4156 1183 4226 religionem
1199 4154 1222 4225 Q

133 4240 168 4293 20
178 4240 312 4308 religatus
324 4239 351 4293 P
453 4240 488 4299 22
498 4240 573 4310 quia]
585 4256 640 4310 qua
651 4241 679 4296 L
