3025 4967
321 409 407 457 XXIV

320 546 494 611 factumest
503 543 621 625 possint
632 544 822 625 pertractari.
838 542 947 609 deinde
958 542 1076 608 codices
1086 542 1140 626 qui
1153 544 1274 629 uulgati
1285 546 1473 625 suntque·-

322 674 392 721 rum
407 654 541 721 inlibris
556 655 670 721 1616116
684 654 864 719 testamenti
878 672 1001 719 summa
1014 654 1203 737 conspicitur
1216 655 1343 737 penuria
1357 674 1474 742 com<

323 760 429 849 parare
443 766 588 833 immensi
601 766 716 832 laboris
727 767 783 831 est.
799 786 873 832 nam
884 766 938 850 qui
950 766 1006 831 bas
1016 766 1164 848 reliquias
1176 764 1337 832 ediderunt
1348 759 1474 850 pleri-'

323 860 382 961 que
405 878 653 961 splendidissime
673 861 833 943 uolumine
849 878 1018 943 inhumano
1031 878 1132 961 pretio
1147 878 1286 962 exposita
1300 874 1476 963 denegari

324 989 425 1073 magis
449 1008 542 1072 quam
565 989 786 1056 communicari
811 989 910 1055 doctis
933 989 1111 1055 bominibus
1135 990 1270 1056 uoluisse
1291 990 1472 1056 uidentur.

325 1118 419 1184 quare
453 1101 619 1167 dolendum
654 1101 701 1166 est
730 1100 937 1180 Sabaterium,
973 1102 1061 1167 euius
1097 1101 1236 1199 collectio
1272 1104 1324 1168 uel
1356 1102 1478 1167 hodic

326 1212 459 1277 maximo
481 1212 627 1291 1611661,
649 1232 720 1277 cum
741 1214 865 1295 patrum
886 1213 1161 1279 ecclesiasticorum
1181 1215 1362 1279 testimonia
1377 1232 1475 1278 oon·-

327 1325 446 1409 gereret
466 1324 565 1389 rarius
586 1344 680 1407 quam
700 1324 832 1392 debebat
847 1326 1059 1392 adnotationes
1073 1326 1197 1392 critices
1212 1325 1397 1402 excussisse;
1424 1326 1476 1388 in

328 1436 516 1521 castigandis
536 1437 618 1501 enim
640 1438 810 1519 scripturae
829 1454 932 1501 666116
953 1436 1140 1501 testimoniis
1161 1436 1292 1502 editores
1313 1436 1475 1518 plerum-

328 1567 388 1631 que
407 1546 653 1630 interpolationes
674 1548 793 1613 codices
813 1566 907 1630 quam
928 1548 982 1630 qui
1002 1547 1181 1614 horridioris
1201 1549 1350 1613 sermonis
1364 1546 1476 1611 rubi-

292 1732 294 1750 ,
330 1660 435 1743 giuem
456 1659 577 1725 fidelius
592 1661 754 1725 6611111111
769 1660 954 1725 uetustiores
969 1652 1057 1743 sequi
1071 1659 1257 1725 maluerunt.
1280 1659 1403 1726 accedit
1420 1658 1475 1722 ad

331 1770 387 1835 has
416 1769 616 1836 difficultates
645 1770 896 1854 cyprinnicornm
925 1772 1066 1837 codicum
1095 1772 1242 1850 condicio,
1278 1772 1311 1837 in
1341 1770 1475 1853 quibus

332 1882 439 1947 eadem
473 1882 639 1947 lectionum
675 1882 914 1965 deprehenditur
942 1884 1117 1962 diuersitas,
1153 1902 1231 1965 quae
1259 1882 1477 1968 singulorum

331 1992 467 2058 locorum
488 1993 539 2058 uel
554 2013 573 2058 a
588 1993 789 2077 scriptoribus
809 1993 977 2059 citatorum
999 1995 1049 2060 uel
1071 1994 1227 2061 codicibus
1248 1994 1476 2060 exhibitorum

334 2104 417 2187 apud
432 2102 624 2170 Sabaterium
647 2104 790 2184 occurrit,
813 2098 927 2189 quique
941 2107 1016 2171 adeo
1031 2124 1091 2171 non
1106 2106 1301 2188 concordant,
1322 2106 1359 2170 11
1372 2105 1476 2170 idem

334 2214 369 2278 in
383 2215 483 2280 isdem
503 2217 606 2282 uerbis
621 2216 736 2299 pluries
752 2216 903 2283 adhibitis
917 2219 1087 2300 scripturas
1101 2218 1264 2283 ostendant
1278 2218 1473 2283 contrarias,

336 2344 414 2408 quae
429 2345 500 2391 cum
515 2328 561 2393 ita
575 2328 646 2407 sint,
668 2328 785 2395 frustra
798 2348 900 2395 meam
915 2328 1040 2413 operam
1054 2329 1119 2395 fore
1134 2328 1282 2408 intellexi,
1308 2329 1335 2393 si
1350 2328 1476 2393 lectio-

337 2544 385 2583 coe
402 2545 427 2598 p.
440 2528 462 2583 1.
480 2530 541 2583 Hal.
559 2534 622 2583 1786
636 2560 667 2571 -
681 2531 796 2601 Kipling
811 2532 875 2587 (lod.
887 2531 1105 2602 Euouqele'orum
1117 2536 1144 2586 et
1155 2531 1290 2587 Actorum
1303 2531 1479 2599 Gorrtobro'p.

340 2618 405 2669 1788
418 2645 451 2654 -
463 2614 558 2685 Rettig
580 2616 644 2671 Ood.
663 2618 884 2687 Euonqele'orurn
901 2617 1023 2688 Sonqoll.
1042 2618 1104 2671 Tur.
1125 2622 1235 2671 1836-
1250 2616 1486 2672 (1111611611οή

339 2701 447 2772 Eum
462 2702 624 2758 Palatinum
639 2702 774 2757 ineditum
785 2705 844 2757 siue
861 2703 994 2772 reliquiae
1006 2710 1097 2757 textus
1109 2720 1206 2774 euonq.
1220 2704 1304 2757 latini
1314 2709 1379 2758 ante
1392 2703 1480 2758 Hie-

339 2803 483 2857 ronymum
498 2790 574 2843 uerri
584 2805 620 2844 ere
631 2789 688 2844 cod.
701 2790 833 2843 Palatino
846 2804 991 2857 purpureo
1007 2788 1104 2858 quo'rtr'
1118 2790 1165 2845 uel
1182 2791 1273 2858 quinti
1284 2807 1311 2858 p.
1327 2790 1390 2845 Otr.
1404 2777 1491 2843 sae-¹

279 2942 283 2953 ,
340 2874 398 2929 cuti
409 2874 481 2945 Lips.
497 2879 562 2929 1847
581 2905 608 2915 -
620 2874 651 2928 F.
661 2874 749 2930 Haase
761 2876 896 2946 Euonqel.
908 2883 1039 2945 quattuor
1050 2882 1130 2931 uetus
1141 2876 1188 2931 tot.
1200 2879 1347 2945 interpret.
1360 2892 1396 2931 ex
1408 2876 1481 2930 cod.

341 2960 535 3031 Retdiperono
546 2960 610 3029 (ind
624 2960 684 3015 lect
698 2962 771 3015 uniu.
782 2960 892 3015 Vratisl
902 2977 928 3016 a.
939 2966 1004 3016 1866
1016 2965 1044 3016 61
1058 2964 1142 3032 1866).
1150 2990 1185 3005 —
1193 2962 1242 3017 Tb.
1252 2962 1386 3017 Hearniua
1395 2964 1485 3017 Acta

341 3052 427 3118 oport.
438 3047 641 3117 praeco-totino
654 3087 660 3100 .
672 3089 694 3100 ..
710 3047 791 3102 eeod.
805 3047 955 3102 Loudiorw
968 3049 1172 3103 characteribus
1184 3049 1341 3103 uncialebue
1352 3056 1485 3103 exorato

342 3133 439 3209 Quonii
452 3140 518 3189 1716
528 3164 561 3175 -
570 3135 598 3191 C.
612 3134 789 3189 Tischendorl
799 3135 863 3190 coo.
881 3136 1108 3192 Glormnoutonue
1118 3138 1178 3192 ciue
1190 3136 1319 3205 eputoloe
1332 3136 1420 3190 Pauli
1429 3154 1484 3207 qr.

343 3226 370 3277 et
382 3222 430 3277 tot.
447 3236 482 3276 ea
494 3220 552 3277 cod.
571 3222 725 3277 Porr'as'enei
741 3222 914 3277 celeberrumo
928 3224 1053 3277 ...sexti
1069 3228 1102 3277 ut
1117 3222 1232 3278 uidetur
1242 3238 1271 3291 p.
1287 3222 1350 3279 cnr.
1367 3224 1488 3277 caemar·

344 3306 417 3377 Lips.
444 3312 510 3361 1862
535 3338 566 3347 -
587 3307 631 3362 Fr.
656 3307 764 3361 Mdntcr
786 3307 900 3377 Fropna
925 3308 1053 3376 Propbet.
1078 3306 1178 3363 Jerenn
1202 3308 1305 3363 Ereeln
1374 3323 1388 3361 e
1412 3309 1485 3362 cod.

348 3395 571 3465 Ws'reeburqener'
590 3394 705 3449 11111116
725 3399 792 3448 1818
807 3424 836 3434 ·-
850 3393 977 3449 Vollmer
993 3395 1088 3450 Eedro
1105 3396 1229 3464 prophet.
1253 3412 1287 3450 ex
1307 3395 1388 3449 duob.
1409 3410 1485 3447 mss.

346 3481 437 3535 Italae
458 3468 572 3549 lubing.
600 3485 666 3534 1868
688 3512 721 3519 -
742 3480 773 3537 Ο.
791 3480 822 3537 F.
840 3480 977 3535 1111166116
995 3482 1106 3551 Frapn
1124 3481 1189 3536 le'bri
1205 3480 1270 3537 Iud.
1288 3479 1376 3534 Turio.
1398 3483 1488 3541 1867,

348 3566 490 3636 Spectmen
510 3568 573 3623 edit.
595 3568 655 3622 orit.
677 3568 820 3636 interpret.
841 3574 895 3622 unt.
917 3568 965 3622 lat.
979 3566 1016 3623 N.
1031 3568 1063 3622 T.
1083 3568 1170 3622 Turio.
1194 3572 1260 3621 1887
1273 3596 1306 3607 -
1318 3566 1374 3621 Jos.
1393 3562 1489 3619 Cozza

348 3653 497 3709 unomen
516 3654 659 3709 coruum
677 3655 863 3709 6661616161
879 3655 1035 3724 eumue
1050 3654 1160 3710 166666
1182 3654 1327 3709 611161
1344 3630 1488 3719 616111.

344 3741 445 3811 peeetr'e
465 3740 601 3795 codicibus
616 3741 792 3796 bubliotbeeoe
808 3740 1074 3809 Orpptoferroteneie
1089 3741 1189 3795 Romae
1202 3744 1268 3795 1887
1281 3770 1314 3781 -
1326 3740 1490 3795 Inbrorurrr-

245 3827 250 3837 ’
350 3826 472 3883 Leuitice'
483 3834 510 3882 et
519 3828 705 3883 Nurnerorum
715 3830 806 3883 acreio
817 3829 934 3897 onttquo
946 3828 1049 3883 Italae
1061 3828 1151 3884 codice
1159 3828 1328 3897 perantiquo
1339 3825 1489 3880 111111116-

350 3913 430 3971 stret
447 3915 711 3971 Asbburntorm‘ense
732 3921 893 3970 corueruoto
912 3932 987 3971 nunc
1003 3916 1127 3984 primurn
1147 3916 1220 3984 typic
1240 3913 1317 3967 edita
1338 3914 1413 3964 1868.
1436 3911 1490 3977 (cf.

351 3995 456 4057 1166661
480 4002 589 4073 suoru.
610 4000 826 4070 6166116161
845 4006 911 4055 1616
927 4018 953 4071 p.
972 4008 1005 4055 61
1023 4004 1052 4055 et
1063 4002 1155 4056 auce
1173 4001 1290 4069 cuspus
1305 4000 1371 4052 rano
1389 4012 1415 4065 p.
1429 4001 1489 4049 641

353 4092 403 4161 sq.)
424 4119 453 4130 -
472 4088 535 4146 Em.
547 4088 639 4142 Ranlre
657 4088 829 4161 ltropnrento
846 4090 981 4145 uereiom'e
997 4104 1141 4145 merorum
1157 4087 1358 4156 scripturaram
1375 4081 1491 4137 latinae

353 4178 640 4247 omebnroupntonoe
661 4176 832 4232 vindobonae
852 4181 925 4231 1868.
950 4177 993 4230 uir
1014 4174 1184 4230 doctissimus
1206 4172 1239 4226 de
1259 4170 1304 4225 his
1325 4166 1404 4223 rebus
1428 4183 1491 4221 non

353 4280 406 4319 uno
422 4263 530 4319 nomine
547 4264 647 4333 optime
664 4264 776 4318 meritus
794 4262 859 4332 quid
876 4262 978 4333 singuli
990 4261 1019 4315 in
1030 4258 1196 4315 restituenda
1206 4257 1256 4313 illa
1267 4254 1388 4311 uersione
1404 4268 1491 4322 prae-

355 4354 477 4411 stiterint
494 4355 643 4413 1661111116
663 4357 717 4423 pb
735 4366 775 4422 sq.
787 4354 900 4418 enamt.
