3025 4967
331 409 442 458 nxxrv

330 546 472 623 martire,
503 547 624 629 Incipit
652 547 752 611 orotio
780 547 924 629 mprioni
952 548 1108 625 martiris,
1137 547 1218 612 Item
1246 549 1346 614 orotio
1372 549 1471 615 beati

331 658 480 739 cypriam
502 659 647 722 rnortiris
668 678 764 740 onom
786 658 842 722 snb
864 658 948 723 diem
965 659 1130 739 passionis
1151 678 1205 724 sne
1225 660 1317 742 decit,
1340 660 1472 726 Passio

196 848 204 866 ὓ
332 753 539 851 sc'icyprioni
549 753 602 851 effi
609 774 639 834 et
649 770 810 851 nmrtpris.
825 770 859 836 in
870 770 954 835 calce
969 772 1069 844 exstet
1085 770 1287 877 subscriptio:
1305 771 1470 853 Explicit

332 881 478 964 epistolae
496 881 625 964 ploriosi
644 882 791 945 emetiris
810 881 952 962 cipriani
971 869 1179 964 escapinios
1192 882 1314 964 epioni
1329 889 1468 965 quonia

332 993 505 1075 eloquent-io
518 996 699 1074 quantoque
711 990 857 1055 doctrino
871 992 955 1055 inter
968 991 1133 1057 cotlmlioos
1145 992 1279 1059 meires
1292 995 1469 1077 refulserit

332 1104 455 1187 epistole
478 1105 545 1169 eins
569 1102 822 1185 splendidissime
844 1102 1008 1167 nortorum
1030 1109 1145 1169 ornotn
1168 1106 1472 1188 sententiamque

333 1217 469 1281 nlertote
490 1214 602 1297 optime
625 1215 843 1297 testificentur.
869 1214 978 1280 deinde
998 1232 1076 1279 nouo
1097 1216 1326 1300 signeturorum
1347 1217 1470 1283 ordine

334 1329 434 1393 A—D
450 1327 663 1410 quaterniones
677 1327 823 1392 secuntur
838 1326 1014 1391 exhibentes
1025 1325 1121 1391 libros
1134 1328 1197 1392 tres
1209 1328 1263 1392 Aol
1277 1326 1468 1403 Qnirinnm

336 1456 465 1521 qnorum
486 1438 598 1503 tertius
616 1438 753 1504 ineditus
769 1439 836 1504 erat
850 1456 922 1503 cnm
937 1438 994 1502 buo
1008 1437 1224 1521 inscriptione:
1246 1438 1368 1519 Incipit
1379 1460 1471 1521 pro-

335 1549 423 1632 lopns
436 1550 473 1612 in
488 1549 582 1613 libros
600 1549 682 1614 beati
701 1548 844 1630 cipriani
859 1548 1004 1612 martiris
1018 1554 1128 1613 contro
1142 1549 1255 1615 Inclcos
1269 1550 1375 1615 editos.
1399 1552 1469 1632 qni

334 1660 458 1743 quidem
475 1659 621 1742 prolopns
640 1664 684 1724 est
698 1658 834 1740 epistula
853 1640 957 1741 queit
976 1659 1019 1723 od
1039 1647 1316 1743 dominiscripta,
1332 1663 1364 1727 et
1379 1663 1470 1727 eub-

335 1772 513 1855 scriptione:
529 1771 673 1852 Ecplicit
688 1771 765 1836 liber
775 1774 888 1835 incius
898 1772 999 1853 ccciiij
1009 1772 1150 1852 ciprioni
1160 1774 1289 1856 ploriosi
1299 1776 1468 1839 martiris.

334 1882 570 1963 Arcliepiscopi
591 1882 844 1966 ooetbopinensis
866 1882 1008 1948 Oratoris
1029 1884 1280 1949 excellentissimi
1294 1886 1337 1949 od
1352 1887 1470 1967 quir-i

335 2013 422 2059 nom.
439 1995 751 2074 inqnolibrosiontot
761 1995 1172 2077 indnobnsprioritnstoles
1183 1994 1335 2060 catholico
1347 2001 1472 2061 contra

334 2106 498 2170 inicorum
523 2110 550 2170 et
572 2106 740 2188 pontillum
768 2125 886 2173 errores
913 2126 1079 2171 sacrorum
1107 2107 1342 2187 scripturorum
1370 2110 1470 2171 testi-

335 2216 451 2279 moniis
455 2217 623 2297 fortissime
630 2217 775 2280 mnnitnr
785 2217 1036 2281 etomroborotnr
1043 2216 1098 2281 oco
1103 2219 1235 2300 protios.
1249 2237 1375 2301 opernm
1384 2238 1469 2301 pars

334 2326 426 2410 longe
440 2327 574 2392 maxims
585 2348 621 2393 ex
632 2328 766 2393 editione
780 2328 918 2411 principe
928 2329 960 2393 in
972 2328 1051 2393 bano
1065 2330 1187 2412 recepte
1201 2330 1249 2395 est
1263 2348 1334 2395 curn
1348 2329 1464 2396 isdem

335 2436 457 2503 mendis
467 2437 626 2522 isdemque
636 2439 755 2504 lacunis
767 2438 853 2503 nulla
860 2440 1072 2505 emendatione
1080 2458 1115 2504 ex
1124 2442 1185 2506 alio
1197 2440 1299 2507 codice
1309 2441 1466 2522 repetita,

336 2548 487 2631 ideisque
507 2550 595 2614 nullu
615 2550 662 2613 est
683 2550 776 2615 huius
797 2550 942 2616 editionis
962 2552 1138 2617 aumonius.
1160 2552 1208 2616 est
1222 2568 1294 2616 uero
1315 2552 1471 2619 maxime.

336 2661 370 2725 in
395 2660 529 2743 ineditis,
558 2678 687 2742 quemn
713 2662 861 2726 nonnulla
886 2680 1009 2744 perraro
1033 2663 1066 2727 in
1093 2661 1248 2728 codicibus
1278 2668 1471 2744 occurrunt,

337 2772 425 2836 uelut
443 2770 544 2836 libelli
558 2769 608 2836 De
621 2771 696 2835 bono
706 2772 883 2853 padicitiae
898 2774 929 2838 et
944 2773 998 2837 Aol
1013 2773 1244 2852 Nonotlnnnm,
1264 2792 1339 2856 quos
1353 2776 1472 2855 primo

336 2882 512 2949 stresmo
524 2883 622 2948 editos
633 2902 698 2947 esse
710 2902 815 2949 omnes
828 2884 965 2950 credunt.
981 2885 1027 2948 ita
1038 2885 1130 2949 buius
1145 2885 1289 2951 editionis
1303 2890 1473 2954 memorie,

336 2994 465 3059 interfit.
488 2994 515 3058 si
530 2996 633 3060 sotem
653 3014 721 3061 eam
742 3015 798 3061 nee
811 2997 940 3063 Erasmo
962 2997 1131 3063 innotuisse
1146 2996 1375 3063 Schoenemann
1391 2998 1416 3063 l.
1438 3020 1469 3067 c.

336 3104 533 3187 p.110dioit,
545 3108 640 3183 erret3
652 3126 724 3172 nam
732 3108 770 3172 de
778 3108 884 3173 libello
895 3110 996 3190 priore
1007 3109 1039 3173 in
1051 3108 1300 3174 annotationibus
1308 3110 1473 3179 Erasmus

336 3217 412 3282 hoec
432 3216 536 3282 docet:
554 3216 640 3282 'tnnc
653 3218 691 3281 in
704 3196 805 3283 netem
829 3218 966 3299 peccam
988 3220 1144 3284 ocditionc
1166 3238 1311 3284 cncnsnm
1331 3229 1476 3301 repperi

336 3327 389 3392 secl
399 3327 578 3391 niendosnm
589 3328 663 3392 locis
674 3329 892 3410 cornplnn'bns,
907 3350 961 3393 nec
973 3330 1062 3395 licuit
1073 3330 1188 3395 mederi
1199 3332 1318 3396 connis
1329 3336 1471 3417 errotis,

335 3439 683 3520 qnodnonsncenrreret
690 3439 794 3503 nllnm
803 3440 895 3503 olind
905 3440 1072 3520 connplor.
1088 3442 1232 3523 quamuis
1243 3442 1324 3506 unde
1336 3442 1470 3511 librum

336 3550 627 3627 Acumincum,
641 3550 815 3633 Anpnstini
829 3569 1006 3629 senonens,
1022 3551 1104 3616 dnos
1114 3553 1269 3617 motiones
1279 3572 1355 3635 quse
1367 3554 1472 3621 dein·

336 3681 407 3745 ceps
422 3663 521 3727 edidit
531 3662 753 3746 deprompserit
763 3681 824 3727 non
836 3663 928 3741 dicet,
945 3664 1049 3728 tumen
1062 3664 1141 3745 quin
1151 3683 1188 3727 ex
1198 3663 1306 3729 eedem
1318 3664 1470 3733 editione

335 3773 480 3837 fluxerint
494 3774 618 3855 propter
632 3773 735 3838 textus
750 3790 932 3838 consensum
948 3773 1086 3840 dubitari
1098 3776 1215 3858 nequit.
1231 3776 1285 3841 sed
1296 3776 1471 3861 integrum

336 3884 480 3951 editionis
495 3885 649 3967 exemplar
658 3884 826 3966 inspexisse
837 3902 896 3949 non
909 3884 1042 3951 uidetur.
1060 3906 1132 3951 nom
1144 3888 1273 3953 tertium
1281 3887 1337 3970 Aol
1347 3888 1473 3969 Qniri-

335 4016 414 4061 nnm
436 3996 552 4062 librum
572 3992 615 4061 ‘in
630 3996 769 4081 uolgatis
795 3996 951 4063 codicibus
973 4017 1032 4063 non
1054 3998 1199 4064 bibitum
1215 4018 1251 4064 ex
1265 3998 1473 4069 bibliotheca

334 4096 559 4187 limiricensi,
581 4127 617 4173 ex
637 4108 740 4174 codice
763 4108 894 4174 iortaese
917 4108 1022 4174 eodem
1038 4128 1074 4174 ex
1089 4128 1149 4193 qno
1172 4110 1290 4175 librum
1305 4110 1343 4174 dc
1358 4108 1469 4179 lonrle

334 4221 485 4299 mortprii
499 4219 618 4302 primus
633 4218 740 4302 edidit,
755 4239 788 4285 se
804 4219 951 4285 adiecisse
965 4222 1106 4287 metutm.
1128 4222 1210 4287 inter
1224 4222 1471 4291 uetustissimae

335 4329 480 4415 Cypriani
509 4332 657 4397 editiones
685 4330 784 4396 fortun
812 4331 993 4397 Porisiensis
1022 4352 1049 4397 n.
1084 4332 1167 4399 1500
1197 4333 1279 4416 apud
1309 4334 1472 4403 Iodocnm
