3025 4967
458 392 541 446 llcta
558 391 824 446 Proconsularis
1145 416 1205 467 0211

69 552 217 620 scistis
245 552 445 617 delatores
472 569 544 615 non
567 567 658 615 csse.
685 549 819 631 itaque
843 549 973 636 detegi
996 554 1034 617 et
1056 554 1205 621 deferri

68 677 173 721 ame
207 675 284 721 non
319 657 489 737 possunt.
526 654 565 718 in
597 652 834 717 ciuitatibus
871 655 998 719 autem
1035 658 1116 721 suis
1149 659 1205 723 in·

68 760 296 825 uenientur.
327 759 479 823 Paternus
507 756 669 839 proconsul
690 756 784 820 dixit:
816 774 872 840 ego
893 757 984 823 hodie
1006 760 1039 825 in
1060 761 1117 825 hoc
1138 762 1204 828 loco

68 864 206 945 exquiro.
238 861 412 945 Cyprianus
434 860 529 924 dixit:
559 878 641 923 cum
670 858 886 942 disciplina
913 861 1133 944 probibeat,
1164 865 1206 928 ut

53 967 155 1049 equis
184 984 229 1030 se
255 965 362 1029 ultro
391 963 537 1028 offerat
564 963 601 1026 et
628 964 717 1027 tuae
746 981 894 1045 quoqne
923 984 1106 1032 censurae
1136 967 1206 1033 hoc

68 1070 306 1153 displiceat,
336 1087 403 1133 nee
424 1067 569 1132 offerre
592 1065 727 1147 seipsi
750 1069 928 1149 possunt,
957 1070 1026 1135 scd
1048 1089 1066 1135 a
1088 1072 1124 1135 te
1147 1090 1205 1137 er-

68 1277 248 1341 nenientnr.
276 1277 308 1340 et
328 1275 456 1340 adiecit:
478 1275 699 1356 praeceperunt
719 1274 825 1353 etiam,
848 1295 886 1339 ne
907 1275 939 1339 in
951 1276 1108 1358 aliquibus
1129 1278 1205 1343 locis

12 1405 13 1434 ι
70 1379 280 1444 conciliabula
293 1378 370 1443 fiant
385 1396 441 1441 nec
456 1378 638 1442 coemeteria
653 1377 876 1460 ingrediantur.
901 1379 928 1443 si
944 1380 1012 1460 quis
1028 1380 1133 1462 itaque
1147 1381 1205 1445 hoc

46 1485 132 1547 uum
141 1482 480 1565 salubrepraeceptum
489 1500 550 1545 non
559 1480 780 1560 obseruanerit‚
794 1482 1062 1564 capiteplectetur.
1077 1482 1205 1566 Cypria·

70 1605 123 1650 nus
139 1586 304 1667 episcopos
319 1584 492 1666 respondit:
516 1583 578 1648 fac
600 1585 700 1666 quod
722 1584 799 1649 tibi
820 1586 1071 1671 praeceptum
1092 1588 1161 1651 est.

107 1689 200 1753 Tunc
216 1689 372 1753 Paternus
392 1688 555 1771 proconsul
575 1688 668 1752 iussit
683 1686 809 1753 beatum
825 1687 1013 1771 Cyprianum
1028 1689 1234 1772 episcopnm2

71 1792 258 1857 inexilium
289 1792 453 1875 deportari.
480 1810 612 1872 eumque
635 1790 690 1855 diu
711 1790 828 1855 ibidem
850 1792 1031 1869 moraretur,
1059 1792 1205 1857 successit

70 1897 202 1979 lspasio
229 1896 365 1960 Paterno
394 1894 569 1977 proconsuli
595 1892 737 1959 Galerius
763 1894 918 1959 Maximus
947 1896 1119 1976 proconsul,
1151 1897 1205 1978 qui

12 2039 13 2100 ἦ
46 2004 215 2065 asanctnm
231 1998 422 2083 Cyprianum
444 2000 621 2080 episcopum
641 1998 681 2063 ab
702 1998 810 2063 exsilio
833 2000 1007 2063 reuocatum
1030 1997 1091 2063 sibi
1112 1999 1205 2064 iussit

12 2125 13 2158 1
71 2104 273 2184 praesentari.
296 2121 428 2183 cumque
443 2100 613 2185 cyprianus
633 2103 759 2166 sanctus
780 2103 899 2185 martyr
919 2102 1034 2166 electus
1050 2121 1069 2167 a
1083 2102 1147 2166 Deo
1167 2101 1205 2166 de

72 2208 200 2271 ciuitate
217 2204 419 2283 curubitana,
442 2206 476 2269 in
498 2224 558 2286 qua
579 2204 687 2268 exsilio
708 2223 744 2268 er
758 2198 919 2288 praecepto
934 2204 1061 2287 Aspasii
1076 2204 1204 2269 Paterni

71 2314 142 2373 tune
162 2308 360 2391 proconsulis
375 2308 468 2373 datus
482 2307 593 2385 fuerat,
615 2324 772 2390 regressus
787 2309 876 2385 esset,
893 2326 929 2372 er
944 2326 1028 2372 sacro
1044 2309 1204 2391 praecepto

71 2413 102 2475 in
117 2414 185 2476 suis
210 2411 311 2477 hortis
333 2411 482 2476 manebat
502 2412 533 2475 et
552 2411 625 2474 inde
649 2409 788 2491 quotidie
811 2409 953 2492 sperabat
977 2410 1077 2475 ueniri
1099 2410 1138 2475 ad
1161 2429 1202 2488 se,

47 2518 153 2581 seiont
178 2515 233 2579 illi
259 2517 418 2579 ostensum
443 2514 559 2579 fuerat:
586 2515 617 2577 et
644 2533 714 2577 cum
740 2513 1052 2599 illic-demoraretur,
1079 2514 1204 2594 repente

75 2621 177 2685 idibus
198 2619 393 2702 Septembris
415 2618 513 2683 Tusco
534 2620 566 2683 et
585 2618 680 2681 Basso
703 2616 881 2681 consulibus
902 2619 1053 2681 uenerunt
1074 2616 1113 2681 ad
1135 2636 1205 2681 eum

75 2725 229 2805 principes
250 2722 321 2799 dno,
343 2740 425 2785 unus
445 2722 559 2785 strator
570 2720 664 2785 officii
682 2718 787 2785 Galeri
803 2720 932 2785 Maximi
947 2720 1137 2803 proconsulis
1152 2718 1205 2802 qui

77 2826 209 2908 Aspasio
224 2826 359 2889 Paterno
380 2824 564 2889 successerat
579 2825 611 2888 et
627 2823 707 2888 alius
723 2823 912 2904 equistrator
926 2843 944 2887 a
959 2824 1107 2888 custodiis
1124 2823 1205 2886 eius-

77 2930 145 2993 dem
168 2928 277 2993 officii.
304 2928 359 3009 qni
380 2929 412 2992 et
433 2927 465 2991 in
485 2928 675 2991 curriculum
699 2946 771 2991 eum
793 2927 977 3009 leuauerunt
997 2926 1029 2989 in
1044 2926 1206 3006 medioque

12 3005 13 3066 l
50 3033 246 3115 reposuerunt
267 3032 300 3094 et
321 3030 354 3093 in
370 3029 454 3094 Serti
475 3030 691 3111 perduxerunt,
714 3029 768 3094 ubi
789 3028 873 3093 idem
890 3028 1029 3093 Galerius
1051 3028 1206 3091 Maximus

77 3136 240 3217 proconsul
254 3133 354 3197 bonae
369 3133 552 3197 ualitudinis
566 3131 790 3215 recuperandae
806 3133 907 3216 gratia
922 3133 1096 3197 secesserat.
1114 3132 1146 3195 et
1160 3131 1207 3195 ita

125 3338 293 3407 13e1ilium]
312 3336 348 3401 ef.
359 3315 600 3407 Aue'asctaiserm.
613 3340 669 3391 309
826 3338 857 3390 17
871 3336 1013 3391 curubitan
1026 3326 1068 3400 M,
1087 3334 1206 3389 ouonrbi·

79 3430 139 3478 tana
151 3426 182 3479 E
309 3424 351 3492 in]
363 3438 398 3475 an
410 3424 445 3486 E,
458 3440 488 3477 er
501 3424 538 3477 M
658 3439 689 3476 er
702 3440 751 3478 eru.
766 3440 781 3479 a
908 3423 1015 3491 aspasii]
1028 3422 1099 3491 passi
1112 3421 1176 3475 EM

12 3511 13 3540 l
80 3512 109 3565 18
119 3509 296 3579 proconsulis]
310 3509 453 3562 clarissimi
465 3510 519 3562 uiri
530 3508 594 3563 odd.
609 3508 674 3563 EM
800 3509 888 3562 fuerat
900 3524 1034 3577 regressus
1047 3508 1125 3575 esset]
1139 3509 1209 3560 esset
1286 3494 1290 3515 ⁴

12 3611 13 3642 ;
80 3614 211 3666 regressus
223 3598 290 3651 EM
419 3612 491 3650 sacro
504 3587 632 3664 rescripto
643 3595 798 3665 specialiter
809 3595 860 3648 hoc
872 3597 900 3649 et
911 3594 1087 3663 personaliter
1099 3593 1207 3646 remisso

80 3686 139 3739 EM
275 3686 309 3738 19
321 3685 377 3737 suis
389 3684 443 3737 suis
455 3684 486 3737 E
616 3687 643 3736 et
654 3683 720 3737 EM
728 3689 754 3735 et
766 3682 942 3750 Aspastiaus
953 3681 969 3733 l.
982 3697 1003 3735 c,
1016 3698 1044 3733 ra.
1055 3684 1083 3748 2,
1096 3696 1144 3733 ura.
1157 3696 1173 3733 c

81 3772 139 3825 inde
154 3770 278 3841 qnotidie
298 3769 422 3838 sperabat
434 3769 518 3823 ueniri
529 3768 564 3823 ad
575 3786 603 3822 se
615 3769 687 3822 sic-nt
698 3771 834 3822 ostensum
845 3766 889 3820 illi
901 3768 958 3820 crat
970 3767 1150 3836 Aucustiaus,
1173 3763 1208 3817 ad

80 3856 147 3910 dicun
158 3857 286 3911 omnibns
299 3856 388 3908 ueniri
399 3855 470 3908 sicut
481 3855 506 3908 ei
517 3858 654 3908 ostensum
665 3856 723 3907 erat
735 3853 860 3922 sperabat
872 3853 938 3907 EM
1042 3852 1077 3905 20
1089 3852 1125 3921 et]
1138 3849 1208 3903 idem

82 3942 143 3996 EM
274 3941 416 4009 derepente
426 3938 490 3994 EM
620 3940 653 3993 21
666 3938 859 4009 septembribus
872 3938 937 3991 EM
1065 3937 1159 3990 thusco
1172 3937 1208 4000 E,

82 4026 162 4081 Fusco
174 4029 320 4083 Beronices
434 4026 469 4079 22
479 4026 577 4095 galerii
586 4043 604 4080 o
718 4024 883 4093 proconsulis
895 4024 1036 4077 clarissimi
1048 4022 1101 4075 uiri
1113 4023 1178 4077 EM

84 4115 128 4180 qui
194 4114 279 4167 officii
291 4114 339 4181 qui
351 4128 401 4166 om.
414 4112 480 4165 EM
545 4113 581 4166 24
590 4113 749 4166 leuauerunt
760 4112 878 4189 Apgust.
893 4110 908 4163 l.
922 4126 942 4163 c.
956 4126 982 4165 a.
996 4112 1023 4176 3,
1036 4108 1211 4176 inposuerunt

86 4198 145 4252 EM
245 4200 274 4252 in
287 4197 429 4265 medioque
439 4197 594 4267 posuerunt]
607 4196 685 4251 ambo
698 4212 758 4250 eum
771 4197 916 4265 tegnerunt
928 4194 993 4249 EM
1105 4194 1141 4247 25
1152 4210 1210 4262 per·

86 4282 219 4355 luerunt]
231 4285 357 4339 tulerunt
367 4284 433 4338 ΕΜ
544 4285 578 4339 26
589 4281 743 4353 preconsnle
754 4282 822 4337 beno
835 4282 871 4337 M
979 4283 1007 4335 et
1020 4280 1072 4349 ita]
1085 4279 1210 4334 eundem·

87 4384 135 4435 que
148 4371 211 4424 EM
