3025 4967
1160 444 1199 492 11

54 570 147 654 onibus
175 570 281 637 rebus
315 576 488 657 permotus
518 594 617 658 pauca
644 578 771 642 tantum
801 596 897 661 eaque
921 578 1100 645 dubitanter
1128 580 1200 646 inde

57 700 147 763 aspi.

88 794 168 858 Huic
182 794 407 861 'laurinensis
430 798 637 865 bibliothecae
658 799 833 885 fragmento
854 801 1023 886 adiungam
1044 801 1104 866 duo
1119 820 1198 884 quae

59 907 106 970 riri
119 906 308 971 doctissimi
320 908 431 973 Noltii
445 910 633 977 liberalitati
648 911 760 977 dobeo:
775 932 873 977 uuum
885 910 940 999 (0)
953 914 1036 995 quod
1049 914 1083 978 in
1096 913 1359 990 codicerngmmm

60 1018 271 1083 smnmensi
298 1020 366 1085 131
392 1022 471 1085 oum
486 1022 674 1089 nicaeani
696 1022 749 1108 (of.
766 1024 887 1088 iraenei
900 1044 930 1107 p.
947 1024 1023 1102 ma)
1044 1025 1098 1107 qui
1119 1006 1364 1142 saec.⁸¹²¹⁸¹³5”⁰¹¹³⁶

61 1130 111 1193 l'll
136 1148 204 1195 essa
233 1132 365 1197 dicitur
394 1134 559 1199 inuentum
584 1135 741 1220 integrum
768 1133 818 1199 De
841 1135 1032 1201 mortalitate
1055 1135 1200 1201 libellum

62 1251 85 1305 st
98 1243 219 1325 partem
244 1244 416 1326 epistulae
431 1244 472 1309 63
488 1246 634 1311 continet.
655 1245 688 1309 in
704 1246 918 1311 constituenda
938 1246 1069 1311 lectione
1082 1247 1201 1313 nullius

61 1355 114 1419 fae
134 1355 298 1419 momenti
323 1357 393 1421 erat
416 1375 606 1439 magnanon
628 1356 719 1422 laude
742 1377 799 1423 nec
819 1358 1046 1440 uituperatione
1059 1358 1199 1443 dignum.

60 1466 187 1531 alterum
216 1486 287 1549 quo
311 1487 387 1551 pars
411 1468 514 1534 libelli
537 1468 591 1533 Ad
614 1468 781 1533 Desectam
806 1471 948 1535 seruatur
969 1470 1025 1533 ubi
1046 1469 1201 1535 inuenerit

60 1577 142 1641 Nolte
172 1580 298 1658 nescio,
332 1579 388 1645 sed
414 1580 531 1645 litteris
564 1580 737 1645 uncialibus
767 1582 930 1646 exaratum
958 1599 1024 1647 esse
1053 1580 1200 1647 affirmat.

61 1690 225 1769 scripturas
250 1690 324 1755 eius
347 1708 415 1755 sero
438 1692 579 1774 acceptae
599 1710 669 1756 cum
684 1692 718 1756 in
734 1691 967 1758 adnotationem
981 1712 1083 1758 meam
1099 1693 1202 1758 bans·

62 1800 185 1865 ssribere
213 1818 281 1866 non
308 1821 443 1884 possam,
473 1802 613 1885 nequid
639 1822 709 1869 mea
739 1803 831 1886 culpa
856 1804 936 1870 esset
962 1804 1121 1882 omissum,
1151 1804 1202 1869 hic

64 1911 183 1976 subieci.
202 1914 324 1995 incipit
341 1912 554 1998 fragmentum
566 1914 699 1979 acerbis
716 1933 768 1978 roe
782 1914 820 1979 ic
834 1914 926 1979 rebus
940 1918 995 1994 (=
1009 1933 1080 1997 pag.
1095 1914 1202 1994 1438)

65 2023 216 2088 sublimen
347 2044 418 2109 pag.
437 2026 508 2105 15,1
525 2026 615 2089 intra
630 2028 666 2090 ut
681 2026 765 2091 edidi
894 2028 913 2092 8
928 2027 1011 2108 qaod
1025 2046 1085 2092 om.
1101 2026 1202 2109 spatio

67 2137 193 2202 maneb
210 2136 282 2201 litt.
297 2136 406 2202 relicto
553 2138 591 2202 11
607 2142 643 2201 at
657 2155 718 2203 om.
868 2139 909 2202 14
923 2157 954 2201 ee
968 2138 1072 2218 incipi
1086 2138 1202 2224 absolbe

66 2248 142 2311 aedi
267 2249 314 2313 20
328 2248 424 2313 auita
439 2268 502 2315 csse
517 2268 587 2313 cam
597 2249 713 2329 poterit
728 2269 800 2315 cam
814 2249 906 2314 emaci
1018 2251 1059 2315 21
1075 2255 1202 2316 actara-

67 2360 108 2420 ait
242 2360 287 2424 27
303 2366 362 2425 aut
376 2379 438 2425 om.
569 2354 610 2426 2'8
626 2362 760 2427 alterum
783 2365 859 2424 suat
878 2381 939 2427 om.
962 2362 1046 2444 (fort.
1064 2364 1158 2445 recte)

68 2492 94 2552 p.
110 2474 184 2549 16,1
202 2470 402 2556 iapilluiaido
497 2472 611 2535 domm
625 2477 654 2537 ct
667 2473 796 2554 facilem
811 2473 885 2536 boc.
899 2523 906 2538 .
920 2472 1042 2558 ‚litatem
1127 2474 1202 2539 tm

67 2567 116 2643 dm
143 2582 243 2647 solid.
260 2584 288 2669 ,ΙΙ
317 2584 411 2665 {idme
444 2588 536 2649 taam
571 2583 658 2649 sala.
674 2634 680 2647 .
695 2582 771 2668 dbis
802 2582 935 2648 acatos
962 2582 1048 2668 oblell.
1084 2583 1205 2666 reliqua

67 2694 189 2759 desunt.

105 2807 196 2872 Inter
209 2788 443 2871 uetustissimos
458 2805 605 2890 Cypriani
622 2806 741 2872 codices
756 2805 899 2871 exstabat
913 2805 989 2869 olim
1006 2804 1203 2885 Veronensis,
1257 2817 1287 2883 v
1338 2826 1341 2830 ’

66 2938 157 2999 quem
173 2919 345 2998 postquam
354 2917 500 2983 Latinius
516 2918 555 2983 ad
573 2917 783 2983 adornandam
798 2917 966 2982 editionem
977 2916 1202 2996 Mmutianam

66 3047 141 3109 quae
155 3028 279 3093 Romae
292 3028 410 3110 prodiit
425 3048 453 3095 e.
471 3029 554 3095 1563
570 3029 723 3109 adhibuit,
746 3028 872 3111 quantis
887 3017 1034 3094 laudibus
1050 3030 1204 3095 cumulari

67 3142 194 3223 coeptus
216 3142 262 3205 sit
283 3140 346 3205 dici
360 3142 478 3224 nequit.
503 3140 541 3206 de
557 3142 659 3206 codiee
674 3139 817 3214 Latium
832 3142 909 3206 haec
924 3140 1049 3223 scripsit
1063 3142 1097 3206 in
1110 3142 1201 3224 epist.

69 3252 103 3315 ad
118 3253 220 3317 Andr.
237 3244 375 3317 blasium
398 3253 431 3315 II
452 3273 481 3336 p.
501 3254 576 3318 101:
600 3251 872 3334 Antipatssmmm
893 3253 1025 3317 codicem
1044 3272 1146 3317 anam
1165 3274 1204 3318 ea

76 3362 248 3429 terme·
269 3364 452 3429 bibliotheca
476 3364 641 3429 adnectam
662 3364 779 3430 titteris
798 3364 987 3429 maiusculis
1007 3369 1081 3429 ante
1100 3381 1204 3429 ammos
1254 3422 1260 3432 .

70 3476 162 3554 mille,
178 3480 214 3539 ut
223 3480 318 3556 pato,
335 3476 491 3555 scriptam
506 3476 675 3559 dilipmter
690 3496 762 3541 cam
777 3476 824 3540 Io.
841 3475 996 3554 Baptista
1012 3474 1205 3557 Sinpbicello

67 3588 230 3673 percurri:
255 3606 295 3651 ea
317 3606 350 3651 eo
373 3586 409 3650 id
430 3586 584 3667 inprimi-s
608 3589 731 3669 factam
753 3590 797 3651 cst
821 3586 914 3663 decori,
939 3591 975 3650 ct
998 3586 1100 3651 malta
1123 3605 1205 3667 qaae
1240 3672 1243 3677 Ι

71 3696 231 3778 Cypriane
245 3698 440 3763 traducantur
455 3698 551 3763 actba
565 3717 628 3763 esse
642 3699 905 3781 mtelltpcremas:
920 3698 1005 3762 nibil
1016 3700 1102 3762 caim
1113 3697 1204 3764 babet

72 3809 243 3875 monimum
263 3830 386 3887 eoram,
407 3829 488 3890 qaae
508 3811 575 3874 miri
595 3810 676 3875 docti
699 3814 773 3874 acte
794 3811 851 3874 mos
869 3809 954 3893 falso
970 3809 1133 3891 Cypriane
1147 3809 1205 3875 ad-

73 3924 183 4003 scripta
191 3942 256 3989 mae
267 3922 431 4004 suspicati
442 3926 519 3986 amet
531 3922 639 3987 aerias
650 3942 747 4003 qaam
759 3927 957 3991 censueram.
976 3921 1061 3987 Ordo
1074 3922 1204 4003 scripto-

73 4051 133 4097 ram
147 4056 254 4117 paene
279 4034 369 4099 idem
392 4033 433 4097 tm
454 4032 606 4111 manibus,
632 4032 717 4099 ande
741 4053 808 4098 am
828 4034 908 4098 eatis
928 4034 1047 4097 miram
1064 4052 1204 4114 possam,

70 4149 244 4230 quofronte
264 4151 371 4213 totam
392 4144 564 4208 inuenerit
584 4144 872 4209 audacissimorum
891 4145 1055 4209 bominum
1073 4144 1125 4210 ael
1144 4144 1204 4207 mo·
1311 4177 1318 4183 --

63 4260 164 4337 aritia
183 4262 238 4329 aad
261 4260 399 4327 leuitas.
427 4254 530 4333 Nam,
549 4259 585 4320 at
599 4256 699 4334 uides,
720 4256 759 4319 ta
773 4256 896 4321 maasia
909 4256 1020 4320 mania
1029 4274 1134 4335 pacm
1147 4272 1204 4319 sao

63 4369 112 4437 loco
129 4379 221 4453 mota,
245 4370 370 4438 mania
392 4364 540 4446 atoma,
566 4384 631 4431 aon
645 4371 798 4447 tempora,
820 4387 885 4433 aaa
899 4367 1033 4450 nepotis,
1054 4385 1119 4433 moa
1128 4386 1205 4447 pcr-
