3025 4967
273 371 336 438 818
667 367 814 424 Caecilii
835 367 999 439 Cypriani

273 525 431 590 daemonis
446 524 547 590 multa
557 526 597 590 ad
609 525 820 607 deeeptionem
832 523 972 590 fidebam
986 522 1184 601 moliebatur,
1199 523 1280 590 iuter
1292 525 1412 589 cetera

273 629 386 712 quibus
407 629 556 710 plurimes
577 629 737 710 deceperat
757 629 855 694 etiam
873 628 932 692 boo
952 627 1127 708 frequenter
1146 645 1222 692 ausa
1234 627 1291 703 est,
1312 628 1411 692 utet

273 731 465 797 inuocatione
488 751 546 798 non
569 731 799 814 contemptibili
819 729 1013 796 sanotitieare
1032 748 1066 794 se
1083 748 1196 811 penem
1209 730 1242 794 et
1255 728 1413 794 euthari-

272 833 367 900 stiam
391 835 491 901 faeere
515 836 678 902 simularet
702 837 734 900 et
755 833 943 900 sacrificium
962 833 1097 898 Domino
1118 833 1186 898 siue
1206 833 1414 898 mammae

272 936 383 1002 solitae
402 938 640 1021 praedicationis
661 936 796 1013 offerret,
818 936 991 1020 baptizaret
1010 953 1132 1019 quoque
1146 935 1263 1001 multos
1276 935 1439 1000 usitatas

272 1041 303 1104 et
322 1039 468 1124 legitima
489 1040 581 1106 uerba
601 1040 857 1124 interrogationis
877 1057 1040 1122 usurpans,
1067 1040 1105 1103 ut
1123 1037 1203 1103 nibil
1224 1039 1413 1120 discrepare

271 1142 310 1206 ab
326 1142 535 1208 ecelesiastica
549 1142 658 1226 regula
673 1143 840 1208 uideretur.

224 1252 258 1314 ΙΙ
314 1242 396 1323 Quid
422 1245 521 1328 igitur
546 1246 584 1310 de
610 1245 703 1312 huius
733 1245 891 1328 baptismo
920 1245 1070 1324 dicemus,
1100 1263 1161 1326 quo
1188 1243 1413 1326 nequissimus

272 1345 402 1413 daemon
422 1366 477 1428 per
497 1348 659 1414 mulierem
674 1348 870 1431 baptizabit?
890 1349 1044 1431 numquid
1058 1350 1092 1415 et
1104 1347 1163 1412 hoo
1176 1347 1349 1430 Stephanus
1369 1347 1415 1412 et

271 1449 325 1532 qui
340 1441 596 1516 illi'oonsentiunt
611 1451 808 1533 conprobaut,
824 1451 960 1518 maxime
975 1453 1025 1518 oui
1039 1471 1096 1518 neo
1109 1451 1283 1535 symbolum
1297 1449 1453 1514 trini-10

271 1553 348 1619 tatis
375 1573 431 1620 neo
456 1555 657 1638 interrogatio
682 1555 828 1640 legitima
853 1555 887 1620 et
911 1555 1120 1622 ecclesiastae
1144 1555 1266 1621 defuit?
1290 1555 1412 1636 potest

271 1654 354 1719 orodi
375 1656 430 1720 aut
446 1656 587 1722 remissio
600 1658 799 1739 peeoetorum
814 1659 889 1724 data
903 1659 959 1724 aut
972 1659 1092 1724 lauacri
1106 1657 1252 1724 salutaris
1267 1673 1412 1739 regene-

271 1757 351 1822 ratio
376 1758 435 1823 rite
456 1759 602 1841 perfecta,
628 1759 682 1825 ubi
707 1762 811 1826 omnia
834 1761 979 1845 quamuis
999 1761 1040 1827 ad
1059 1761 1229 1844 imaginem
1251 1759 1409 1825 ueritatis

271 1863 378 1926 tamen
392 1881 447 1944 per
461 1863 640 1929 daemonem
656 1867 745 1948 gesta
761 1866 857 1930 sunt?
871 1865 932 1930 nisi
947 1865 1020 1930 siet
1032 1865 1214 1929 memnonem
1227 1861 1409 1928 innomine

271 1962 370 2046 patris
386 1965 491 2030 attilii
506 1969 537 2030 et
553 1965 682 2049 spiritus
697 1968 798 2032 sanati
813 1968 948 2051 gretiam
964 1966 1115 2050 baptismi
1129 1965 1250 2032 dedisse
1263 1964 1403 2029 oontem-
1415 1993 1444 2032 la

272 2067 351 2132 dunt
375 2068 429 2150 qni
455 2068 680 2134 haeretieorum
711 2070 901 2151 baptismata
930 2071 1087 2149 adserunt,
1117 2069 1200 2152 apud
1227 2085 1301 2150 quoa
1326 2066 1409 2131 aine

272 2169 366 2234 dubio
388 2172 470 2237 idem
493 2191 576 2237 error
596 2174 653 2250 est,
678 2174 862 2239 daemonum
875 2173 1001 2239 iallaoia
1014 2173 1083 2256 ipsa
1097 2176 1154 2255 est,
1178 2171 1296 2255 quaudo
1311 2168 1409 2251 apud

272 2272 343 2339 illos
361 2275 486 2340 omnino
502 2278 626 2341 sanetus
641 2277 769 2360 spiritus
784 2295 845 2342 uon
860 2279 917 2341 est.

224 2377 261 2440 it
316 2375 400 2442 Illud
430 2378 526 2444 etiam
556 2379 646 2461 quale
672 2381 719 2444 est
745 2379 826 2460 quod
852 2379 925 2444 uult
949 2377 1131 2463 Stephanus,
1159 2378 1209 2443 bis
1234 2376 1286 2460 qui
1310 2378 1405 2458 apud

273 2478 443 2546 haereticos
459 2480 658 2564 baptizantur
669 2481 776 2546 adesse
786 2482 994 2563 praesentiam
1003 2484 1036 2548 et
1046 2481 1249 2548 sanctimonia
1258 2479 1407 2545 Christi?
1416 2511 1446 2553 aa

273 2599 345 2646 nem
361 2581 388 2646 si
404 2601 464 2650 non
479 2585 632 2650 mentitur
646 2585 806 2668 apostolus
827 2585 948 2650 disens:
970 2585 1161 2668 quotquot
1182 2585 1220 2649 in
1242 2583 1406 2649 Christe

273 2684 396 2750 tinoti
427 2687 545 2765 estis,
575 2685 777 2752 Christum
807 2687 1015 2767 induistis,
1050 2688 1159 2769 utique
1186 2686 1241 2768 qui
1268 2685 1336 2750 illie
1364 2685 1406 2750 in

255 2785 395 2869 ,Chmsto
419 2787 596 2870 baptizatus
619 2791 667 2855 est
690 2789 794 2856 induit
814 2789 982 2856 Christum.
1008 2789 1036 2855 si
1056 2793 1163 2856 autem
1183 2788 1287 2855 induit
1307 2787 1405 2854 ouri-

275 2891 370 2969 stum,
387 2891 524 2985 accipere
538 2893 642 2974 potuit
657 2895 689 2958 et
704 2894 852 2977 spiritum
867 2896 1020 2970 sanetum,
1043 2893 1097 2975 qni
1112 2913 1130 2958 a
1145 2891 1268 2957 Christo
1282 2892 1404 2959 missus

276 2993 333 3070 est,
353 2994 384 3057 et
405 2992 522 3060 trustra
543 2995 591 3061 illi
612 2997 750 3062 uenienti
765 2997 805 3062 ad
820 2997 1034 3080 accipiendum
1055 2996 1200 3078 spiritum
1221 3014 1330 3062 manus
1344 2997 1437 3067 ium

272 3095 413 3178 ponitur:
437 3097 497 3163 nisi
519 3099 547 3164 si
562 3117 580 3164 a
595 3097 717 3164 Christo
738 3100 885 3183 spiritum
906 3099 1053 3164 diuidunt
1073 3099 1111 3162 ut
1123 3099 1207 3181 apud
1226 3099 1403 3166 haeretieos

273 3196 315 3260 sit
330 3197 456 3280 quidem
471 3199 622 3280 Christus,
639 3219 699 3268 non
714 3202 756 3267 ait
772 3204 878 3267 autem
892 3200 960 3266 illic
975 3201 1104 3284 spiritus
1118 3203 1253 3268 sanetus

379 3453 597 3518 fflffltss

325 3692 340 3747 1
353 3694 454 3748 multas
467 3695 485 3748 Ι
561 3693 731 3766 metiebatur]
745 3695 903 3751 mouebatur
916 3696 988 3767 alp
1066 3697 1202 3768 tipasam]
1215 3713 1309 3766 paoem
1321 3698 1373 3753 EI

273 3778 291 3831 4
303 3778 371 3848 sine]
389 3795 442 3834 non
454 3779 511 3834 sine
522 3782 591 3836 oeni.
609 3781 697 3837 Oeen.
703 3801 714 3850 ;
733 3783 791 3836 siue
802 3785 998 3837 sacramentum
1011 3783 1108 3837 solitae
1119 3783 1282 3852 preaationia
1293 3782 1404 3838 offerret

274 3864 344 3919 cont
359 3865 500 3936 Rtpottiae
593 3867 724 3924 busitate
735 3867 809 3940 ΜΟ*
900 3869 1014 3923 6uiehi1
1027 3870 1052 3934 I,
1065 3869 1134 3924 nilo
1227 3870 1260 3924 13
1271 3869 1329 3938 ubi]
1342 3869 1403 3923 ubi·

273 3949 317 4002 uis
326 3949 376 4002 EI
443 3953 476 4006 14
484 3953 592 4008 demone
603 3952 675 4025 ΜΟ*
744 3955 779 4009 lb
791 3954 954 4010 oontendunt
964 3955 991 4020 1,
1003 3958 1177 4010 oontemuunt
1185 3954 1241 4025 EQ
1251 3961 1277 4010 et
1287 3971 1310 4010 a.
1319 3955 1337 4009 1.
1349 3955 1371 4008 I

273 4033 307 4086 16
319 4032 453 4103 baptisma
465 4037 501 4094 Io
604 4039 730 4095 deserunt
741 4041 772 4094 E
781 4047 806 4094 et
817 4057 838 4096 a
851 4041 869 4096 i.
883 4041 908 4110 1,
920 4040 1067 4096 detendunt
1078 4043 1112 4096 In
1219 4042 1252 4096 17
1265 4057 1337 4095 error
1347 4041 1401 4112 eat}

273 4131 386 4173 errorem
398 4122 473 4192 MQ¹
582 4126 614 4180 18
626 4126 698 4196 illos]
710 4125 782 4180 illud
793 4127 898 4182 iilosE
998 4111 1148 4196 ssto‘i‘Io
1253 4127 1403 4182 mamae-

273 4204 390 4260 mouiam
403 4207 436 4261 Ie
546 4210 579 4264 21
593 4211 732 4280 quodquod
744 4211 819 4284 ΜΨ
929 4213 965 4268 26
978 4211 1105 4268 diuidunt
1120 4211 1151 4282 Q,
1163 4211 1255 4266 induit
1265 4212 1335 4276 Ele,
1348 4228 1403 4268 non

272 4288 364 4346 induit
379 4294 449 4348 oeni
467 4293 613 4366 sanction,
631 4313 684 4352 non
700 4297 777 4353 duait
788 4299 859 4354 cont
872 4299 967 4356 Boatt
1119 4299 1154 4352 27
1167 4298 1227 4352 illie
1238 4299 1367 4369 numme
