3025 4967
288 401 351 468 804
673 400 822 456 Caecilii
842 401 1004 470 Cypriani

255 559 276 622 t
329 554 427 635 Quale
447 559 495 622 eet
517 558 621 623 eutem
642 557 782 623 adserere
796 559 828 622 et
842 559 1022 623 contendere
1042 559 1124 640 qnod
1139 576 1204 622 esse
1219 558 1340 639 possint
1354 557 1414 622 filii

283 659 342 724 Dei
365 661 419 742 qui
441 679 501 726 non
526 660 589 725 sint
610 660 643 724 in
664 660 793 725 eooleeie
814 661 904 725 neti?
930 661 1087 742 beptieme
1108 660 1191 726 enim
1214 679 1280 725 esee
1300 661 1336 725 in
1350 677 1410 743 qno

283 763 374 828 homo
395 766 487 830 uetus
508 763 640 829 moritur
655 766 687 828 et
701 781 799 828 nouus
814 764 953 829 nescitur
966 762 1149 830 mmifeetet
1162 766 1196 829 ot
1209 763 1322 846 probet
1335 763 1410 828 bee-

283 866 334 931 tus
349 867 505 948 apostolus
520 866 641 932 dicens:
665 867 843 932 seruauit
857 883 923 930 nos
943 885 1011 948 per
1031 867 1230 932 laneorum
1251 885 1411 951 regene—
1504 916 1505 947 p

282 969 462 1034 rationis.
481 969 507 1034 si
523 971 629 1034 eutem
644 969 677 1032 in
692 970 816 1035 lauacro
827 969 860 1033 id
871 971 918 1034 est
929 969 962 1034 in
973 969 1128 1052 baptismo
1142 971 1190 1033 eet
1203 969 1433 1052 regeneratos

283 1073 433 1153 quomodo
455 1090 599 1156 genetore
620 1071 701 1136 filios
715 1073 781 1137 Deo
802 1071 937 1137 heeresie
956 1090 1012 1154 per
1026 1071 1185 1137 Christum
1205 1074 1310 1155 potest
1332 1091 1412 1153 quoe

283 1173 397 1239 Christi
418 1191 529 1258 sponse
549 1192 609 1240 non
631 1176 700 1240 est?
722 1173 851 1241 eooleeie
867 1175 915 1240 est
929 1176 1012 1242 enim
1027 1176 1094 1240 sole
1108 1193 1186 1258 queo
1200 1173 1323 1240 Christo
1339 1193 1413 1240 oon-

282 1276 387 1342 iunete
399 1278 430 1342 ot
440 1278 576 1342 ιιιιιιιιιιιι
590 1277 776 1359 spiritaliter
786 1277 867 1342 filios
878 1280 1005 1361 generet
1020 1277 1128 1344 eodem
1143 1277 1282 1361 epostolo
1296 1297 1407 1343 rursus

283 1380 417 1446 dicente:
447 1378 628 1446 Christus
655 1380 801 1448 dilexit
828 1382 1034 1447 eoelesiem
1055 1383 1094 1446 et
1115 1399 1155 1446 es
1176 1383 1303 1463 ipsum
1331 1383 1412 1446 tre-

284 1482 386 1549 iidit
421 1502 488 1566 pro
523 1503 564 1549 ee
597 1485 638 1549 ιιι
675 1501 755 1548 eem
791 1482 1084 1562 sanctificaret,
1120 1501 1291 1566 purgone
1328 1501 1444 1548 eamn

283 1586 437 1652 leoeoro
459 1605 585 1669 equae.
610 1587 636 1651 si
651 1586 751 1670 igitur
771 1587 846 1652 heeo
865 1588 914 1652 eet
934 1586 1048 1652 dilecte
1062 1589 1095 1651 et
1109 1605 1222 1670 sponse
1242 1605 1321 1669 qnae
1342 1587 1411 1650 sola
1505 1578 1506 1657 ι

283 1709 302 1754 e
316 1688 436 1754 Christo
451 1689 661 1756 sanctificetur
676 1691 708 1754 et
722 1690 846 1755 leueoro
861 1690 927 1754 eius
942 1689 1007 1754 eolo
1020 1691 1183 1773 purgetur,
1204 1689 1408 1754 menifestum
1505 1680 1506 1715 ³

285 1795 333 1857 est
347 1793 509 1872 haeresim,
525 1813 603 1876 queo
618 1811 729 1877 sponse
744 1791 861 1858 Christi
876 1792 994 1858 nonsit
1008 1793 1206 1876 neepnrgnri
1219 1809 1276 1856 nee
1291 1791 1408 1856 senefi-
1505 1728 1506 1823 i

284 1894 369 1960 fioeri
385 1896 509 1961 leueoro
525 1897 590 1961 eius
605 1897 712 1979 possit,
728 1895 811 1960 filios
825 1895 891 1960 Deo
906 1913 1052 1978 generare
1065 1912 1128 1959 non
1141 1912 1239 1977 posse.

256 2001 274 2064 7
327 1997 422 2063 Porro
433 2001 539 2064 entem
550 2016 611 2064 non
620 2017 675 2080 per
689 2017 800 2064 manus
815 1997 1034 2079 inpositionem
1048 1996 1120 2079 quis
1133 1996 1271 2062 nescitur
1285 1996 1409 2078 qnando
1419 2021 1443 2059 ιι

285 2101 398 2184 eooipit
413 2103 558 2183 spiritum
574 2103 725 2181 sanctum,
741 2101 796 2167 sed
806 2102 839 2166 in
851 2100 1016 2183 baptismo,
1031 2101 1069 2164 ιιι
1079 2099 1227 2182 spiritum
1241 2101 1308 2165 iem
1318 2102 1413 2165 natus

284 2204 425 2289 eooipiet,
453 2206 534 2270 siout
557 2204 712 2288 inprime
738 2204 864 2270 homine
884 2205 988 2269 Adam
1012 2204 1132 2269 foetum
1156 2206 1213 2268 eet.
1240 2205 1314 2268 ente
1340 2223 1412 2268 enm

152 2295 155 2302 ’
285 2307 368 2372 Deus
393 2307 571 2391 plasmeuit
597 2308 672 2372 tuno
698 2307 872 2372 insuffleuit
893 2308 927 2373 in
949 2305 1062 2372 faeiem
1087 2307 1153 2370 eine
1178 2304 1291 2370 fletum
1316 2307 1411 2372 uites

284 2429 341 2498 neo
362 2410 443 2476 enirn
466 2413 569 2494 potest
591 2410 687 2492 eoeipi
714 2411 853 2492 spiritus,
879 2409 940 2475 nisi
961 2409 1049 2491 prins
1072 2409 1167 2474 fuerit
1189 2409 1244 2490 qui
1267 2410 1411 2493 eeeipiet

286 2531 358 2578 eum
384 2513 487 2579 entem
513 2513 664 2579 natiuitas
687 2511 926 2578 christianorum
947 2512 980 2577 in
1002 2513 1156 2594 baptismo
1178 2512 1232 2590 sit
1258 2513 1446 2595 baptismi»
1506 2506 1507 2551 ³

286 2618 391 2680 eutem
411 2616 567 2700 genoratio
583 2617 614 2680 et
630 2615 833 2680 sanctificatio
854 2616 937 2697 opud
952 2617 1051 2680 solem
1065 2633 1211 2698 sponsam
1225 2613 1345 2679 Christi
1360 2617 1411 2698 sit,

287 2737 363 2801 quee
382 2736 488 2799 perere
509 2718 692 2800 spiritaliter
714 2720 746 2784 et
765 2736 909 2802 generare
929 2717 1011 2784 filios
1030 2719 1096 2783 Deo
1116 2718 1225 2802 possit,
1244 2717 1301 2782 nbi
1323 2720 1358 2783 et
1377 2737 1412 2782 ex

286 2839 347 2904 que
372 2823 403 2886 et
427 2823 477 2886 oui
502 2823 594 2886 netes
618 2823 743 2904 estqui
768 2822 853 2886 filius
879 2821 1023 2886 eoeleeiee
1049 2839 1109 2885 non
1135 2822 1207 2886 eet?
1236 2821 1273 2885 ιιι
1298 2819 1412 2886 hebere

286 2923 356 3005 quis
378 2924 476 3006 possit
491 2924 591 2990 Deum
615 2925 746 3006 petrem,
769 2924 883 2988 hebeat
903 2927 975 2990 ente
994 2923 1155 2988 eeclesiam
1170 2924 1315 2988 matrem.
1339 2942 1411 2988 eum

388 3109 477 3164 orie.
495 3111 521 3175 e,
539 3110 565 3166 ι.
634 3109 734 3179 9Eph.
753 3110 779 3174 e,
797 3109 839 3163 on.
858 3109 899 3164 oe.

339 3280 438 3334 ierim
452 3281 516 3351 esse]
531 3267 631 3335 {enim
647 3282 670 3338 0
742 3280 893 3336 tseruebit
906 3281 932 3335 T
1002 3281 1170 3350 8regeneret
1182 3281 1217 3347 B,
1229 3296 1328 3351 genere
1343 3281 1378 3336 0¹

287 3365 321 3419 10
333 3367 373 3436 ee]
386 3383 441 3420 ee·
457 3368 488 3430 Τ,
501 3383 559 3420 eern
572 3368 599 3422 L
694 3369 726 3421 11
740 3367 834 3437 eques]
848 3368 878 3421 in
889 3366 970 3421 uerbo
982 3367 1048 3421 edd.
1061 3367 1089 3420 Β
1180 3367 1213 3436 si]
1226 3369 1270 3420 eet
1281 3367 1380 3435 cepo

288 3453 322 3506 12
333 3469 349 3504 e
361 3468 410 3506 om.
424 3452 447 3507 0
600 3453 633 3506 13
644 3454 762 3508 haeresis
774 3454 809 3517 B,
828 3452 899 3521 quod
915 3453 1016 3506 heresis
1031 3454 1057 3508 Τ
1071 3451 1172 3521 quode.
1185 3452 1214 3520 i,
1230 3451 1339 3505 heresin
1351 3452 1378 3506 L

283 3538 367 3607 prices
378 3553 427 3592 neo
438 3537 466 3592 L
476 3553 496 3592 e.
510 3539 527 3592 ι.
667 3539 700 3592 14
711 3539 770 3592 eius
784 3563 851 3592 m
864 3539 890 3592 T
899 3538 967 3605 (filio
978 3539 1060 3607 eres.)
1190 3538 1278 3606 possit
1289 3536 1322 3590 ise
1333 3553 1413 3606 posse

288 3625 395 3679 core'l'
485 3623 558 3678 filine
575 3625 647 3680 (ΡΤι
737 3624 860 3694 generari
872 3624 897 3677 Τ
985 3625 1047 3694 nen]
1060 3639 1109 3678 neo
1122 3625 1208 3678 Tel.
1303 3623 1337 3675 15
1347 3623 1410 3691 non]

287 3697 361 3764 nin
485 3711 644 3780 inpositione
659 3710 694 3770 e.
805 3710 851 3778 que
864 3709 919 3766 eo
1036 3708 1378 3779 enarmonion

288 3797 322 3851 16
334 3797 436 3867 eooopit
451 3796 484 3853 0¹
621 3795 678 3866 sed]
691 3798 719 3849 et
730 3796 759 3850 B
888 3795 1034 3866 baptismo]
1047 3796 1174 3850 eoeleeiee
1186 3795 1321 3864 baptismo
1333 3794 1377 3849 Be

289 3886 320 3937 ιιι
332 3899 391 3952 etp.
408 3883 432 3939 0
555 3881 680 3950 spiritum
692 3883 815 3935 emotum
827 3881 865 3937 Ge
985 3882 1040 3936 iem
1052 3897 1104 3936 ose
1121 3880 1145 3937 G
1263 3882 1375 3932 renatus
1389 3878 1413 3933 0

288 3983 317 4022 re
329 3985 348 4022 s.
362 3971 379 4022 i.
476 3969 507 4022 17
521 3968 619 4037 eooipit
635 3967 669 4023 0²
760 3968 850 4021 feetne
863 3967 956 4022 LPT¹
1047 3967 1120 4036 ente]
1133 3965 1198 4021 odei
1212 3964 1285 4019 enim
1299 3965 1378 4020 01⁸0

288 4054 322 4108 18
334 4054 398 4109 dens
410 4071 469 4108 enm
482 4073 506 4120 o,
520 4055 623 4111 denso
717 4054 789 4124 quod
800 4054 997 4123 plesmeniteG
1086 4055 1192 4107 ettnno
1206 4053 1270 4107 oie
1282 4051 1374 4106 sedin
1387 4053 1414 4104 Τ

289 4142 317 4193 et
327 4155 347 4193 e.
362 4141 379 4192 l.
509 4141 650 4196 insnflenit
660 4142 704 4197 Be
724 4126 785 4140 ...-
833 4141 868 4195 22
878 4125 973 4210 perer'e
983 4155 1019 4194 en
1028 4155 1122 4210 perere
1138 4139 1168 4204 O,
1180 4154 1339 4209 prosperare
1350 4138 1377 4191 P

289 4225 580 4296 sterqueet]erqne
594 4226 630 4281 T¹
759 4227 793 4281 23
806 4225 1131 4296 ntlentemneici.1'e.t
1252 4218 1408 4288 mineat]

289 4311 386 4366 hebere
398 4327 459 4380 exp.
473 4310 502 4376 0,
514 4327 566 4367 om.
579 4328 596 4368 e
