3025 4967
322 410 459 457 LXXVIII

319 545 492 628 putaritatc
513 544 703 623 clericorum,
723 544 773 610 Dc
793 544 1012 611 cardinalibus
1032 545 1173 627 opunte
1194 544 1323 622 Christi,
1348 546 1370 626 †
1390 544 1450 609 Ad

322 656 455 737 Moysen
473 661 502 720 et
523 656 706 720 Morinum
724 661 754 721 ct
774 660 883 721 ceteros
908 658 1091 739 confessores
1111 656 1148 721 de
1170 655 1264 721 tauae
1283 658 1446 739 mamurii,

320 766 371 834 De
389 768 565 849 disciplina
585 773 613 833 at
632 768 707 833 bono
728 768 911 849 pudicitiae,
934 767 988 832 Aa
1010 768 1232 833 Nouatianum
1255 766 1448 833 haereticum

321 879 401 960 quod
422 878 524 960 lapsis
545 899 614 961 spes
634 880 746 944 nenne
768 884 896 945 nonest
916 880 1111 965 dencpanda,
1137 878 1302 945 Orationes
1317 880 1342 943 I
1350 884 1378 943 ei
1392 880 1447 956 II,

321 990 428 1057 Sermo
439 991 615 1074 Aupustiui
625 991 663 1055 dc
673 991 705 1057 S.
720 990 881 1074 Cypriane
895 996 1041 1074 manure.
1056 1010 1091 1057 ee
1105 1010 1183 1074 quae
1198 993 1286 1077 signo
1301 994 1323 1074 †
1336 992 1447 1057 notaui

320 1101 353 1167 iu
375 1102 433 1167 hae
458 1103 594 1169 editione
617 1120 698 1167 noua
722 1103 805 1167 sunt.
833 1101 982 1187 epistulas
1006 1102 1056 1169 73.
1079 1102 1129 1169 74.
1146 1102 1185 1167 71
1211 1104 1243 1169 et
1265 1102 1448 1169 Sententias

320 1195 531 1293 epimmuum
545 1214 691 1279 Erasmus
707 1234 743 1278 ex
764 1213 868 1279 codiee
882 1212 1056 1279 corbeiensi
1072 1212 1123 1300 (O)
1139 1214 1261 1297 adiecit,
1284 1214 1317 1279 in
1332 1230 1391 1296 quo
1409 1232 1448 1279 aa

320 1324 579 1407 deprauatissima
594 1326 666 1390 sunt
681 1326 712 1390 et
726 1325 836 1390 multis
851 1325 971 1391 lacunis
986 1326 1109 1410 referta,
1130 1326 1176 1391 ita
1190 1328 1226 1391 ut
1241 1326 1279 1391 de
1293 1325 1342 1391 his
1357 1325 1446 1391 idem

319 1437 426 1502 ualeat
451 1437 532 1519 quod
557 1438 596 1501 de
621 1436 755 1501 editione
781 1436 919 1502 Romana
943 1437 1090 1503 Erasmus
1117 1437 1196 1503 diuit
1222 1454 1254 1503 se
1279 1435 1336 1501 illa
1361 1436 1447 1501 nihil

321 1548 438 1613 uidisse
453 1548 660 1631 deprauatius.
674 1547 819 1613 libellum
833 1548 870 1612 dc
881 1548 975 1613 laude
989 1549 1137 1630 manerii
1149 1568 1185 1614 ex
1197 1548 1299 1613 codice
1313 1548 1448 1613 alteriue

321 1658 461 1725 familiae
481 1658 680 1743 deprompsit,
702 1658 757 1741 qui
771 1660 805 1724 in
818 1656 1007 1725 bibliotheca
1021 1657 1238 1725 Gemblacensi
1261 1661 1448 1726 asseruaba·

320 1771 383 1835 tur.
407 1771 507 1837 eidem
529 1771 657 1836 finaeo
678 1770 796 1836 librum
817 1771 946 1837 tertium
961 1770 1015 1835 Aa
1032 1768 1203 1845 Quirinum
1226 1772 1329 1836 deberi
1351 1790 1449 1854 supra

320 1882 400 1948 diri-z
421 1884 542 1968 poterat
562 1884 594 1948 et
608 1883 712 1966 ipsum
732 1902 769 1949 ex
783 1882 916 1947 editione
932 1881 1148 1949 Deuentriensi
1173 1884 1305 1962 haurire,
1329 1901 1445 1966 exque

321 1995 440 2077 reliqua
459 2013 549 2077 opera
564 1996 668 2078 spuria
683 2013 762 2077 quae
777 1994 871 2059 editio
885 1994 1024 2059 Romana
1037 2011 1098 2058 non
1112 1993 1245 2059 habebat
1258 1995 1446 2077 deprompta

321 2109 402 2171 sunt.
425 2106 537 2189 quibus
560 2106 715 2173 codicibus
734 2107 768 2171 in
789 2104 977 2171 emendando
999 2106 1087 2171 textu
1110 2125 1184 2171 usus
1210 2106 1262 2186 sit,
1288 2126 1446 2190 nusquam

321 2217 407 2282 dicit.
433 2218 509 2299 quin
534 2236 606 2283 uero
628 2218 764 2283 eodimm
785 2215 997 2283 Oorbeiensem
1013 2216 1065 2303 (0)
1088 2218 1121 2283 in
1141 2219 1346 2302 epistularum
1368 2220 1447 2285 crisi

321 2328 498 2394 adhibuerit
516 2328 654 2393 dubitari
673 2328 790 2410 nequit.
813 2327 906 2393 huius
926 2346 984 2411 ope
1004 2328 1161 2411 permulta
1174 2329 1286 2395 menda
1300 2330 1443 2409 sustulit,

320 2440 639 2525 lacunassuppleuit,
666 2440 761 2504 etiam
786 2439 1039 2522 interpolationes
1065 2440 1258 2523 exstirpauit.
1289 2440 1341 2505 sed
1367 2459 1444 2505 oum

321 2552 452 2617 alteram
475 2552 541 2616 eius
562 2570 691 2617 manum
713 2551 803 2616 anxie
825 2554 976 2633 premeret
999 2570 1093 2634 quam
1116 2551 1352 2617 audacissimam
1373 2572 1444 2617 esse

319 2663 420 2741 docui,
442 2663 509 2727 fieri
530 2681 591 2727 non
612 2665 667 2746 pot
690 2664 715 2729 't
737 2664 812 2745 quin
833 2663 884 2727 hie
905 2663 971 2728 illio
995 2663 1089 2728 uerba
1109 2663 1210 2747 magis
1232 2666 1444 2747 corrumperet

319 2794 413 2857 quam
433 2775 619 2839 emendaret.
646 2794 717 2840 eum
737 2774 843 2865 autem
864 2775 897 2838 in
918 2774 1059 2856 epistulis
1079 2774 1160 2838 huno
1181 2774 1442 2839 codicemeolum

319 2886 496 2951 adhibuisse
510 2888 659 2968 probatur
670 2906 704 2951 eo
716 2886 797 2969 quod
812 2886 963 2968 epistulas
977 2904 1055 2968 quae
1067 2885 1189 2951 nonnisi
1202 2886 1330 2951 alterius
1343 2884 1442 2951 iami-

319 2998 380 3064 liae
400 2998 490 3063 libris
509 2998 704 3063 eontinentur
723 2998 787 3063 fere
808 2999 940 3064 iubatae
954 2998 1091 3080 reliquit.
1115 2998 1280 3064 meliorum
1296 2998 1443 3063 codicum

318 3108 530 3174 adhibitorum
554 3108 669 3174 iudicia
693 3128 750 3174 neo
776 3110 808 3174 in
831 3108 973 3191 epistulis
998 3127 1055 3173 neo
1080 3107 1113 3173 in
1135 3108 1252 3174 libellis
1278 3114 1441 3192 apparent.

317 3220 513 3286 Eresmianas
528 3218 677 3286 editiones
691 3220 870 3302 saepissime
881 3220 1028 3303 repetitas
1039 3239 1217 3286 enumerare
1228 3240 1289 3286 non
1299 3239 1440 3302 possum,

317 3351 373 3397 nec
393 3333 421 3397 si
440 3334 556 3414 possim
574 3334 680 3398 uelim.
704 3333 841 3398 multum
861 3332 964 3398 hercle
984 3333 1066 3397 inter
1087 3352 1118 3397 se
1132 3352 1193 3397 non
1214 3332 1360 3398 differunt
1380 3354 1442 3400 nee

316 3462 467 3509 nouomm
481 3446 621 3509 codicum
635 3443 775 3525 subsidia
790 3443 1027 3526 oonspieiuntur,
1044 3445 1186 3526 quemuis
1201 3461 1314 3509 nouam
1325 3463 1440 3526 quam-

316 3574 375 3637 que
403 3555 586 3637 bibliopolae
610 3554 778 3620 maioribus
803 3554 948 3620 laudibus
974 3554 1102 3620 efferent
1127 3558 1159 3621 et
1184 3549 1230 3620 ‘ex
1255 3553 1438 3622 uetustissi-

195 3685 268 3727 nuso
316 3685 438 3731 marum
459 3666 599 3732 codicum
619 3666 783 3731 collatione
803 3656 1055 3750 repurgatiorem'
1078 3665 1192 3731 disant,
1216 3666 1293 3731 duae
1310 3668 1439 3733 tantum

166 3754 295 3869 Ἢζῖ
317 3777 429 3864 dignae
449 3778 521 3843 sunt
542 3797 618 3860 quae
632 3778 838 3861 nominentur,
859 3776 927 3841 dieo
943 3796 1010 3841 eam
1024 3796 1101 3859 quae
1116 3797 1143 3842 a.
1161 3778 1245 3845 1530
1259 3798 1295 3843 ex
1309 3777 1437 3846 officina

316 3889 507 3954 Frobeniana
535 3889 659 3971 prodiit,
689 3890 722 3954 in
752 3909 812 3972 qua
840 3890 879 3954 ad
906 3888 1051 3973 Cypriani
1079 3907 1170 3973 opera
1199 3890 1328 3956 accessit
1358 3891 1438 3957 tiber

316 4001 461 4081 apprime
469 4001 547 4081 pius
561 4000 604 4064 aa
615 3998 827 4065 Fortunatam
841 4000 878 4064 dc
891 4000 1013 4081 duplici
1029 4000 1190 4083 Martyria
1203 4002 1335 4067 antebac
1351 4024 1438 4068 nurc-

169 4120 296 4230 fflibm
317 4133 412 4195 quom
431 4132 568 4177 excusa
593 4114 691 4178 altera
713 4112 761 4176 est
782 4110 969 4187 Coloniensis
992 4112 1025 4176 in
1048 4111 1172 4177 officina
1191 4112 1279 4178 Petri
1300 4113 1435 4194 Quentel

188 4258 278 4303 „m
317 4246 344 4291 a.
367 4225 450 4290 1544
475 4225 640 4307 impressa:
665 4221 707 4288 D.
725 4223 757 4289 O.
782 4222 938 4304 Cypriani
963 4223 1115 4287 uniuersa
1137 4244 1216 4304 puae
1237 4224 1362 4305 quaem
1384 4248 1437 4292 cr-

315 4340 398 4401 siare
411 4338 556 4403 saunier
571 4356 664 4419 opera
675 4336 741 4400 iam
756 4335 924 4400 nounsirne
939 4354 976 4400 er
990 4335 1194 4418 eastipatiane
1208 4333 1282 4401 Des.
1298 4334 1438 4404 Erasmi
