3025 4967
413 358 594 429 Epistulae
611 359 783 414 LXVIllI.
802 358 945 416 c.e.-·11.
1177 364 1238 429 759

116 514 325 593 succumbere,
355 514 498 597 quamuis
523 515 622 580 sciant
647 516 681 579 id
706 516 786 597 quod
812 516 928 581 faciant
951 535 1012 581 non
1032 517 1132 582 licere.
1159 517 1239 583 illud

117 618 296 681 mirandum
310 620 368 696 est,
385 617 482 682 immo
497 618 723 702 indignandum
738 619 844 703 potius
858 621 890 683 et
904 620 1080 699 dolendum,
1093 620 1236 687 christia·

120 738 177 785 noe
191 720 385 786 antichristis
400 721 551 786 adsistere
565 724 598 786 et
614 722 876 806 praeuaricatores
890 722 962 789 fidei
978 725 1076 806 adque
1091 724 1236 789 ecelesiae

117 823 290 905 proditores
304 824 390 889 intus
404 825 437 887 iu
452 825 520 907 ipsa
535 825 664 890 ecclesia
678 827 785 891 contro
801 826 961 891 eeclesiam
976 828 1068 891 stare.
1084 827 1137 909 qui
1159 843 1235 908 quo·

93 927 200 991 eniam
229 928 401 1008 pertinaces
426 928 505 993 alias
531 929 562 993 et
588 929 737 994 indociles
764 929 815 994 uel
839 930 897 995 boo
923 932 1028 995 tamen
1054 930 1237 995 confitentur

114 1031 199 1112 quod
219 1030 356 1095 uniuersi
379 1032 446 1097 siue
465 1031 612 1098 haeretici
635 1032 702 1097 siue
717 1032 907 1098 schismatici
922 1050 983 1097 non
997 1031 1129 1097 habeant
1143 1032 1237 1114 spiri-

116 1135 188 1199 tum
213 1135 366 1218 sanctum,
392 1137 425 1199 ot
449 1136 518 1201 ideo
546 1134 703 1218 baptizare
726 1136 853 1218 quidem
873 1136 1003 1219 possint,
1031 1136 1103 1201 dare
1128 1138 1234 1201 autem

115 1237 265 1322 spiritum
285 1240 427 1303 sanctum
448 1257 506 1304 nou
528 1239 657 1320 possint,
679 1240 712 1303 in
732 1240 789 1305 hoo
810 1240 876 1321 ipso
898 1258 916 1304 a
936 1239 1025 1305 nobis
1040 1240 1183 1304 tenentur
1199 1242 1235 1303 ut

113 1342 313 1407 ostendamus
338 1361 394 1407 uec
418 1342 576 1424 baptizare
601 1344 726 1407 omnino
751 1361 802 1407 eos
828 1360 915 1424 posse
943 1342 996 1425 qui
1019 1361 1080 1408 uon
1102 1341 1235 1406 habeant

78 1444 261 1525 suspiritum
276 1446 428 1510 sanctum.

153 1548 238 1614 Nam
269 1567 339 1613 cum
367 1550 400 1614 in
425 1548 580 1631 baptismo
606 1549 772 1631 umerique
797 1552 923 1633 peccata
948 1568 1004 1613 sua
1025 1546 1233 1622 remittantur,
1248 1560 1284 1622 ιι

109 1651 222 1732 probat
236 1654 268 1717 et
283 1652 420 1718 declarat
434 1653 467 1716 iu
482 1653 643 1735 euangelio
665 1670 720 1715 suo
735 1652 887 1717 Dominus
904 1670 956 1733 per
970 1669 1021 1715 eos
1046 1651 1125 1715 solos
1147 1668 1234 1733 posse

112 1758 239 1837 peccata
251 1754 372 1819 dimitti
385 1755 438 1837 qui
450 1755 566 1853 habent
576 1756 723 1839 spiritum
734 1758 886 1821 sanctum.
899 1756 969 1840 post
980 1755 1233 1821 resurrectionem

113 1858 199 1923 enirn
222 1858 390 1941 discipulos
411 1876 481 1924 suos
502 1859 632 1925 mittens
652 1859 792 1941 loquitur
812 1859 851 1923 ad
873 1878 923 1924 eos
950 1861 981 1923 et
1006 1858 1102 1923 dicit:
1129 1857 1234 1923 siout

76 1962 225 2027 remisit
246 1981 303 2025 me
325 1963 453 2044 pater,
476 1963 514 2027 et
535 1981 602 2047 ego
624 1963 740 2027 mitto
763 1980 838 2027 uos.
862 1962 930 2025 hoc
952 1980 1034 2026 cum
1058 1962 1233 2046 dixisset,

107 2065 356 2131 insufflanit
378 2069 416 2130 et
437 2065 497 2129 ait
518 2066 623 2131 illis:
646 2065 817 2147 aecipite
839 2065 1026 2149 spiritum
1049 2067 1233 2131 sanctum.

108 2168 141 2232 si
176 2169 287 2233 ouius
320 2168 558 2234 remiseritis
589 2170 762 2253 peccata,
798 2169 1051 2234 remittentur
1083 2169 1166 2233 illi:
1201 2170 1233 2233 si

108 2272 221 2335 cuius
242 2272 485 2351 tenueritis,
508 2273 754 2338 tenebuntur.
779 2292 838 2355 quo
860 2273 892 2335 iu
915 2273 981 2337 loeo
1004 2272 1138 2336 ostendit
1162 2292 1234 2337 oum

110 2373 214 2439 solum
228 2394 317 2457 posse
331 2376 489 2457 baptizare
501 2378 532 2440 et
543 2376 754 2441 remissionem
767 2376 961 2458 peccatorum
974 2376 1045 2439 dare
1057 2374 1110 2455 qui
1121 2374 1236 2439 habeat

74 2500 101 2541 a
113 2480 256 2543 sanctum
278 2480 434 2562 spiritum.
459 2480 589 2561 denique
608 2480 711 2560 ipsum
727 2477 886 2543 Christum
901 2478 1070 2543 Dominum
1092 2481 1233 2543 nostrum

116 2581 333 2663 baptizaturus
348 2581 497 2647 Iohannes
513 2582 630 2663 accepit
644 2583 715 2646 aute
731 2582 877 2664 spiritum
893 2582 1034 2646 sanctum
1050 2601 1121 2647 cum
1133 2582 1235 2646 adhuc

116 2687 199 2750 esset
214 2686 245 2749 in
261 2688 348 2749 utero
363 2685 474 2750 matris
490 2686 686 2762 constitutus,
703 2686 739 2749 ut
753 2686 874 2749 eertum
889 2686 970 2750 esset
985 2684 1084 2766 adque
1099 2684 1231 2748 manife-

110 2790 197 2854 stum
212 2789 369 2873 baptizare
383 2808 445 2853 nou
459 2806 546 2870 posse
561 2788 622 2852 nisi
637 2807 688 2851 eos
703 2789 756 2870 qui
772 2789 905 2854 habeant
921 2787 1067 2872 spiritum
1079 2790 1231 2852 sanctum.

211 3020 301 3074 1410.
320 3021 361 3085 20,
380 3020 489 3075 21-23.

159 3236 175 3289 1
188 3235 286 3305 sciant]
300 3237 411 3290 sciemus
424 3236 446 3290 S
590 3235 619 3289 id
631 3252 657 3305 q.
669 3234 771 3288 faciant
783 3250 831 3287 om.
848 3232 871 3285 S
1012 3228 1115 3281 faciunt
1132 3226 1196 3282 OIro

107 3323 292 3377 3autecristis
306 3324 334 3387 S,
347 3323 496 3377 anticristis
509 3322 568 3393 Lo,
581 3321 742 3376 antichristo
758 3320 781 3375 0
895 3318 912 3371 4
924 3315 1056 3387 proditore
1070 3314 1093 3367 S
1201 3312 1230 3365 in

108 3427 158 3465 om.
177 3409 209 3464 0¹
221 3410 251 3479 Q,
264 3410 363 3463 intrav
443 3409 568 3462 ecclesiae
585 3408 633 3477 OQ
645 3408 766 3476 (ecclesia
778 3406 832 3472 Μ),
845 3406 920 3475 septa
932 3402 1057 3457 eeclesiae
1068 3408 1092 3455 o·
1164 3414 1229 3467 quo·

106 3497 190 3565 uiam]
204 3511 394 3565 quamquamo
511 3496 603 3548 baliis
616 3496 644 3548 P
756 3490 892 3546 docilesS
1004 3487 1088 3541 tsine
1101 3484 1229 3538 haeretici

103 3582 193 3637 οπως
306 3582 371 3652 let]
386 3583 439 3637 eG
551 3585 579 3634 et
591 3581 649 3634 ideo
720 3581 840 3633 sanctum
853 3576 939 3630 oras
1050 3573 1153 3642 possint
1166 3570 1228 3633 ΒΡ,

104 3672 218 3739 possunt
234 3668 320 3739 CQSo
456 3668 473 3721 8
485 3667 589 3737 possint
600 3666 683 3730 LPS,
698 3667 812 3735 possunt
828 3662 891 3733 OQo
1027 3660 1044 3713 9
1056 3658 1158 3712 habent
1173 3656 1197 3712 0

104 3755 138 3808 10
149 3754 279 3823 spiritum
291 3755 422 3823 sanctum]
438 3754 575 3807 licentiam
592 3753 615 3808 0
717 3752 750 3805 12
763 3766 838 3821 posse
850 3752 959 3819 peccata
971 3764 1019 3800 sua
1032 3746 1059 3811 S,
1073 3746 1181 3814 peccata
1197 3744 1228 3807 V,

101 3843 213 3911 peccata
223 3856 329 3909 possea
458 3840 491 3894 13
503 3839 618 3908 dimitti]
631 3836 843 3892 remittanturS
968 3832 1086 3887 habeant
1103 3830 1194 3901 GLQo

104 3926 138 3980 14
149 3927 221 3979 euim
234 3925 321 3980 aas
432 3927 460 3979 et
472 3925 549 3996 dicit]
563 3926 653 3978 dicens
667 3925 692 3979 S
801 3922 833 3975 17
846 3922 927 3974 cuiO
1034 3918 1187 3972 remittetur
1200 3916 1229 3979 S,

101 4013 280 4065 remittuntur
294 4012 343 4067 ΟΡ
445 4011 539 4065 illisO
638 4010 757 4064 simne
856 4006 890 4061 18
898 4003 1058 4059 detonabitis
1069 4002 1227 4057 detinebun-

103 4098 148 4151 tur
159 4098 230 4167 quod
247 4098 270 4152 0
426 4096 497 4167 eum]
510 4114 553 4150 eos
571 4098 594 4152 0
603 4114 616 4149 s
628 4114 648 4149 e.
662 4097 680 4149 l.
837 4094 869 4147 19
881 4092 964 4146 habet
976 4091 1010 4155 Ρ,
1022 4088 1192 4177 habeantffi

105 4183 140 4237 20
150 4166 209 4252 sme
219 4166 279 4237 'scNm
294 4184 413 4253 caeos
510 4185 661 4254 ipsumam.
677 4184 700 4239 G
793 4162 858 4235 enin?
869 4179 999 4232 christum
1015 4175 1042 4230 V
1129 4196 1188 4231 nrm
1201 4177 1230 4231 P

107 4285 129 4322 a.
142 4269 159 4323 1.
172 4286 207 4323 m.
220 4272 249 4332 2,
262 4284 314 4353 nou
330 4270 358 4334 C,
380 4257 435 4323 scm
452 4270 475 4323 V
577 4270 609 4322 21
623 4272 685 4322 aute
697 4267 835 4339 accepitS
935 4269 969 4323 22
981 4286 1035 4325 esso
1048 4272 1076 4324 in
1088 4272 1115 4326 L
