3025 4967
441 388 618 457 Epistulae
635 388 725 443 XLV.
743 404 766 441 c.
786 388 863 441 1-2.
1148 389 1210 452 601

99 543 201 611 audiri.
223 543 423 625 nequeenim
445 543 535 608 facile
557 544 724 627 promenda
745 545 819 609 sunt
840 544 873 607 et
892 541 1016 607 incaute
1036 560 1073 607 ac
1095 544 1212 606 temere

99 646 274 729 publicanda
284 664 362 727 quae
373 644 559 712 discordioso
570 647 644 711 stilo
656 646 854 713 audientibus
869 644 1051 710 scandalum
1065 647 1212 709 moueant

99 752 126 814 et
137 748 347 832 iratreslonge
361 750 476 830 positos
489 768 525 814 ac
537 751 623 817 trans
638 768 724 815 mare
738 750 923 814 constitutos
937 748 1055 813 incerta
1070 746 1213 829 opinione

79 954 212 1019 rdininae
241 954 320 1038 legis
349 956 381 1021 et
409 955 584 1021 sanctitatis
616 956 802 1021 inmemores
833 955 885 1019 uel
913 954 1057 1020 iactitme
1085 953 1213 1018 interim

97 1058 226 1141 gestiunt
241 1076 318 1139 qnae
332 1058 460 1139 probare
474 1074 535 1124 non
551 1060 688 1139 possunt,
704 1060 820 1123 etcum
830 1057 1040 1122 innocentiam
1055 1056 1212 1122 destruere

97 1160 187 1241 adque
201 1179 374 1244 expugnare
388 1180 449 1227 non
464 1162 599 1239 ualeant,
614 1162 692 1227 salis
706 1161 824 1227 babent
836 1160 923 1226 fama
936 1160 1078 1225 mendaci
1090 1160 1122 1223 et
1132 1158 1212 1225 falso

97 1280 210 1329 rumore
240 1266 377 1329 maculas
407 1264 592 1349 inspergere.
624 1264 719 1331 certe
732 1266 815 1347 quod
841 1262 1025 1348 praepositis
1049 1282 1086 1328 ac
1111 1280 1213 1328 sacer·

99 1366 214 1439 dotibus
243 1368 386 1452 congruit
413 1370 513 1435 danda
540 1388 631 1453 opera
657 1372 705 1436 est
729 1371 766 1435 ut
786 1370 866 1435 talia
891 1388 964 1435 cum
985 1388 1005 1433 a
1026 1367 1213 1450 quibusdam

69 1470 267 1536 roscnbuntur
289 1491 344 1554 per
365 1491 420 1537 nos
442 1476 634 1557 respuantur.
660 1474 714 1539 ubi
734 1475 818 1539 enim
838 1473 900 1537 erit
915 1471 997 1553 qnod
1012 1472 1163 1537 discimus
1177 1490 1212 1536 ac

97 1572 231 1638 docemus
254 1575 407 1659 scriptum
429 1594 509 1643 esse:
538 1577 693 1643 contine
721 1577 899 1660 lingnam
928 1577 1035 1640 tuam
1057 1592 1076 1639 a
1097 1574 1212 1653 male,

96 1678 129 1747 et
149 1676 254 1741 labia
275 1678 342 1745 tna
363 1698 406 1743 ne
429 1679 636 1761 loquantur
658 1680 813 1745 dolum?
835 1680 913 1744 item
928 1678 1021 1743 alibi:
1044 1665 1084 1743 os
1103 1679 1213 1743 tuum

96 1777 306 1845 abundauit
339 1782 508 1860 malitia,
547 1784 584 1847 et
617 1783 754 1867 lingua
788 1786 856 1848 tua
888 1781 1213 1865 conplectebatur

96 1881 265 1947 insidias.
297 1884 432 1949 sedens
458 1886 646 1951 aduersus
668 1885 831 1952 fratrem
852 1890 959 1952 tuum
982 1884 1212 1951 detrahebas

66 1986 128 2049 set
145 1986 329 2051 aduersus
352 1986 484 2053 filium
506 1991 646 2055 matris
667 1992 756 2056 tuae
778 1990 946 2074 ponebas
968 1988 1211 2066 scandalum,

95 2087 167 2153 item
196 2090 280 2171 quod
309 2091 465 2173 apostolus
495 2091 586 2157 dicit:
618 2094 740 2159 omnis
770 2109 891 2159 sermo
922 2093 1050 2157 malus
1079 2092 1122 2157 de
1149 2110 1213 2156 ore

96 2194 219 2258 nestro
255 2211 326 2257 non
354 2194 550 2275 procedat,
584 2196 649 2260 sed
678 2195 800 2261 bonus
821 2195 866 2261 ad
888 2194 1212 2260 aedificationem

95 2294 199 2373 iidei,
223 2298 266 2361 ut
289 2298 351 2361 det
373 2298 540 2381 gratiam
562 2298 823 2363 audientibus.
848 2317 937 2380 porro
963 2299 1039 2364 haec
1064 2298 1132 2363 fieri
1157 2298 1211 2361 de·

95 2396 160 2463 bere
174 2400 377 2477 ostendimus,
400 2402 427 2466 si
443 2402 564 2483 qnando
579 2402 658 2467 talia
673 2402 865 2484 quorundam
881 2402 1071 2467 calumniosa
1084 2402 1212 2468 temeri·

64 2502 155 2566 atate
178 2504 456 2587 corruperunt,
482 2504 546 2589 legi
568 2506 649 2587 apud
670 2524 725 2571 nos
745 2506 891 2587 patimur.
920 2506 1090 2583 etidcirco,
1117 2504 1213 2570 buter

93 2605 253 2685 cadesime,
277 2626 347 2673 cum
364 2608 403 2673 ad
418 2627 468 2673 me
490 2609 569 2675 talia
591 2610 754 2675 aduenam
770 2613 803 2675 te
817 2612 849 2674 et
863 2609 1094 2692 conpresbyteri
1107 2612 1211 2674 tecum

189 2863 221 2915 11
240 2862 284 2916 Ps.
302 2864 343 2927 33,
363 2864 402 2917 14.
475 2865 508 2918 12
525 2864 567 2919 Ps.
586 2866 628 2928 49,
648 2866 688 2920 19.
707 2866 747 2920 ab.
820 2867 853 2921 16
870 2866 938 2936 pr.
956 2867 981 2929 4,
999 2866 1041 2920 29.

141 3104 154 3155 1
167 3105 240 3174 sunt]
255 3106 298 3158 est
310 3104 337 3160 R
418 3104 467 3159 hac
480 3105 532 3175 LQ
616 3106 709 3159 tdise.
723 3106 797 3176 stilo]
809 3106 981 3161 discordiosis
993 3108 1021 3159 et
1032 3106 1068 3171 R,
1080 3104 1213 3159 discordia

91 3187 144 3241 sint
160 3192 189 3243 ct
205 3190 234 3255 G,
253 3191 416 3245 discordioso
434 3191 498 3245 stilo
516 3192 646 3260 scriptae
745 3191 976 3247 inoboedientibus
993 3192 1042 3246 GR
1138 3190 1212 3244 duel

94 3275 135 3339 qui
149 3274 171 3345 Q
249 3277 339 3331 furore
351 3276 479 3347 Fumo,
494 3276 592 3331 luroris
609 3278 641 3332 0¹
720 3277 834 3332 libidine
848 3277 879 3347 Q,
891 3276 1014 3331 libidinis
1027 3276 1074 3339 11¹,
1086 3276 1168 3329 liuori
1179 3292 1213 3329 erc

94 3356 197 3415 liuidere
214 3363 317 3418 ΟΜ
419 3362 551 3427 scalentes
567 3364 590 3417 Ο
690 3363 756 3432 bet]
769 3380 800 3417 ac
815 3364 881 3418 ccv
981 3363 1081 3417 iactam
1096 3362 1146 3417 GR

93 3444 269 3503 binnocentia
283 3450 317 3503 0²
386 3448 498 3517 indque
510 3449 597 3504 oraL
665 3449 746 3503 babet
758 3449 841 3503 ΠΡ
908 3447 1009 3504 lamam
1025 3448 1072 3518 OQ
1140 3462 1213 3501 men·

92 3528 157 3586 dacii
172 3534 305 3605 OFPQB
373 3534 502 3591 falsorum
514 3550 558 3589 ore
568 3535 654 3606 LPQ,
669 3536 798 3589 falsorum
810 3535 871 3588 bore
886 3535 909 3590 0
974 3535 1142 3604 8inpergere
1152 3532 1211 3602 ΡΟ,

94 3616 99 3627 ’
412 3624 451 3692 ao]
476 3625 504 3676 et
527 3640 544 3678 o
641 3638 671 3676 ac
695 3620 877 3676 sacerdotibus
902 3620 1026 3689 congruit
1048 3634 1098 3673 ora
1118 3618 1145 3673 R

232 3709 241 3737 ¹
312 3710 343 3761 ut
354 3708 409 3762 alia
421 3708 457 3762 Μ
469 3711 511 3776 (ut
522 3708 591 3763 talia
605 3708 638 3779 Q)
708 3724 787 3763 som.
804 3707 854 3762 GR
923 3705 957 3759 10
967 3709 1126 3774 respuentur
1139 3704 1178 3758 11¹

92 3788 120 3841 ll
133 3790 271 3847 edocem
283 3792 313 3846 F
381 3794 414 3847 12
425 3794 515 3849 dolum
527 3794 562 3859 F,
576 3793 702 3848 insidiose
718 3791 830 3862 OPQR,
842 3790 973 3845 insidiosa
985 3791 1012 3846 L
1081 3790 1117 3849 13
1129 3790 1212 3845 abun·

91 3872 163 3929 dabit
171 3878 226 3933 Η,
297 3880 431 3934 malitiam
439 3879 520 3950 FPQ
587 3879 814 3948 complectebatur
823 3879 858 3943 R,
868 3878 1104 3947 conplectebantur
1118 3877 1180 3933 ΟΨ

91 3960 121 4014 14
132 3964 206 4019 sedes
220 3966 244 4035 Q
324 3966 357 4019 16
370 3966 441 4020 dicet
454 3966 477 4036 Q
551 3982 627 4020 omne
645 3966 677 4021 0¹
757 3966 789 4019 17
803 3965 849 4019 sed
861 3964 926 4035 etQ
1001 3964 1033 4017 18
1045 3963 1100 4033 det]
1113 3966 1141 4017 et
1154 3965 1179 4015 R

91 4052 171 4120 porro]
184 4052 332 4119 propteril
428 4052 527 4107 baelil
538 4052 614 4120 (haec
628 4053 661 4122 Q)
759 4050 990 4105 idconscribtiir
1078 4049 1214 4118 utlegiG

89 4134 133 4188 scd
151 4139 180 4189 ut
195 4154 219 4193 e.
238 4138 257 4191 l.
362 4139 418 4208 nos]
437 4154 485 4193 nos
502 4154 553 4191 non
576 4138 642 4193 GRc
743 4137 849 4206 patitur
866 4136 927 4206 ΕΟ,
944 4136 1080 4205 patiamur
1095 4134 1144 4191 GR

91 4216 183 4275 iratres
198 4224 222 4280 0
301 4224 334 4277 21
347 4223 484 4277 carissime
497 4238 546 4279 om.
565 4225 588 4279 G
660 4222 810 4291 aduersum]
823 4220 883 4277 deo
952 4224 981 4275 et
991 4236 1041 4276 ona
1056 4221 1083 4276 R
1151 4236 1212 4274 con·

90 4306 252 4377 praesbyteri
270 4308 429 4379 GFLPQR
441 4310 648 4377 (Nomionem
660 4308 806 4379 desiccat),
819 4307 1040 4377 compresbyteris
1052 4325 1069 4361 υ
