3025 4967
473 388 634 457 Epistula
650 341 831 443 xli—XXI.
1150 392 1215 459 529

90 545 248 625 sententia,
271 545 414 610 reactus
436 546 540 611 noster
562 544 615 627 qui
637 544 793 630 adunatus
815 563 881 611 esse
895 547 928 611 et
942 545 1113 613 consentire
1135 546 1217 612 circa

92 648 194 715 omnia
208 647 301 713 debet
315 648 348 712 in
359 647 463 730 aliquo
478 648 674 730 discreparet.
690 649 783 732 plane
797 650 970 715 eetemrum
985 668 1091 715 causas
1106 669 1217 732 quam-

91 752 138 817 uis
159 750 267 817 libello
283 771 302 817 a
316 751 508 834 martyribus
529 753 653 835 accepto
676 750 795 817 differri
816 752 964 818 mendaci
986 754 1018 818 et
1031 753 1066 817 in
1079 754 1219 819 nostram

16 902 21 913 .
90 854 295 939 praesentiam
317 856 477 934 manuari,
501 857 537 920 nt
557 873 628 921 eum
648 873 723 939 paee
738 875 757 921 a
772 854 905 922 Domino
923 855 1012 921 nobis
1027 854 1102 922 data
1116 855 1220 939 plures

74 958 259 1043 spraepositi
287 958 450 1024 conuenire
471 958 503 1023 in
527 978 625 1023 unum
647 958 847 1041 coeperimus,
876 960 1101 1025 communicato
1124 960 1221 1025 etiam
1247 996 1250 1002 ·

91 1062 253 1127 uobiscum
282 1061 410 1127 oonsilio
439 1061 600 1145 disponere
629 1060 752 1147 singula
780 1063 832 1127 uel
859 1060 1026 1127 reformare
1054 1063 1220 1145 possimus.

93 1165 164 1247 opto
186 1184 252 1244 uos,
275 1165 387 1230 batres
410 1164 573 1245 carissimi,
597 1183 718 1248 semper
739 1166 816 1231 bene
837 1165 950 1233 ualere.

280 1622 282 1627 Ι
372 1454 761 1567 sarsurus
798 1455 944 1569 rnr.

461 1659 660 1715 causamve
683 1658 850 1718 LVCIANO.

61 1858 84 1897 ro
133 1830 221 1896 Haec
242 1848 314 1897 cum
337 1832 397 1898 tibi
421 1832 598 1913 scriberem,
622 1834 754 1899 Domine
778 1832 885 1913 frater,
908 1832 1046 1919 gaudens
1067 1836 1099 1898 et
1119 1833 1266 1908 tristisl

92 1951 187 2015 eram,
216 1936 353 2019 gaudens
375 1953 410 2000 ee
431 1937 512 2019 quod
534 1935 689 2003 audierim
708 1937 740 2002 te
754 1954 811 2019 pro
834 1936 958 2003 nomine
972 1937 1099 2003 Domini
1122 1938 1221 2003 nostri

73 2036 164 2103 =Ieeu
191 2036 308 2104 Christi
333 2038 499 2105 saluatoris
523 2040 622 2105 nostri
647 2040 771 2105 tentum
798 2041 851 2106 uel
876 2040 965 2105 illius
990 2059 1102 2106 nomen
1127 2058 1221 2124 penes

93 2140 299 2225 magistratus
313 2142 406 2207 huius
422 2142 531 2207 mundi
547 2142 730 2225 confessum,
747 2142 849 2208 tristis
864 2144 971 2208 autem
985 2144 1019 2208 in
1034 2160 1069 2208 eo
1084 2141 1167 2225 quod
1182 2143 1220 2208 ab

94 2261 127 2308 eo
150 2262 261 2326 exque
275 2245 308 2310 te
323 2243 436 2310 deduxi
457 2265 629 2328 numquam
649 2246 773 2312 litteras
793 2247 865 2312 tuas
887 2246 1025 2329 accipere
1045 2245 1143 2330 potui.
1170 2246 1223 2311 uel

62 2364 176 2411 renunc
196 2347 286 2413 modo
308 2347 421 2430 duplex
441 2348 520 2414 mibi
540 2348 672 2415 tristitia
692 2348 835 2415 incubuit
856 2348 937 2432 quod
952 2340 1137 2415 Montanum
1157 2346 1222 2413 fra·

91 2450 175 2515 trem
189 2453 331 2516 nostrum
348 2470 541 2518 communem
559 2452 612 2517 abs
625 2454 706 2519 tede
720 2471 839 2519 earcere
854 2454 959 2519 adme
974 2472 1040 2519 esse
1053 2453 1223 2519 uenturum

95 2554 215 2619 sciebas
231 2554 263 2619 et
278 2552 315 2619 de
331 2555 431 2621 salute
444 2558 501 2621 tua
516 2556 568 2622 uel
583 2556 658 2639 quid
671 2575 765 2639 penes
780 2558 813 2622 te
828 2556 941 2641 agatur
955 2556 1034 2621 mihi
1048 2573 1109 2623 uon
1124 2555 1223 2641 signi·

92 2656 245 2723 fioanerr's.
274 2657 328 2722 sed
349 2658 407 2722 hoc
422 2658 502 2724 solet
516 2660 693 2743 contingere
708 2659 806 2725 seruis
820 2660 889 2740 Dei,
910 2659 1045 2725 manime
1060 2659 1105 2724 eis
1121 2659 1175 2741 qui
1190 2658 1223 2723 in
1333 2701 1337 2710 ·

93 2759 284 2826 confessione
299 2758 417 2827 Christi
432 2762 506 2827 sunt
521 2762 692 2827 constituti.
716 2763 780 2829 seio
795 2762 879 2828 enim
893 2762 1040 2846 quoniam
1054 2760 1222 2845 uuusquis-

60 2882 152 2945 aque
166 2863 231 2928 iam
247 2882 325 2947 quae
340 2864 414 2929 sunt
429 2861 545 2931 saeculi
559 2882 620 2930 non
635 2866 780 2946 attendit,
802 2866 949 2949 quoniam
964 2883 1106 2931 eoronam
1122 2866 1222 2931 caele-

143 3104 160 3157 1
173 3102 338 3157 metentium
351 3102 374 3172 Q
454 3104 655 3177 consentiretQ
739 3106 903 3176 dquamuis]
915 3120 996 3176 quam
1005 3106 1039 3162 N
1120 3106 1138 3161 3
1150 3121 1223 3162 acee-

90 3189 150 3257 pite
167 3188 191 3259 Q
271 3190 310 3259 et]
322 3191 355 3243 ut
365 3190 397 3244 F
474 3193 567 3245 noetm
578 3193 732 3261 praeseutia
744 3192 800 3264 Fp
883 3192 946 3246 dut
957 3208 991 3247 ec
1003 3194 1031 3246 et
1045 3191 1124 3262 Q(ut
1135 3194 1182 3261 Μ)

91 3276 166 3346 paee]
180 3290 272 3346 space
285 3276 313 3331 L
403 3277 421 3331 b
432 3278 592 3347 praepositis
608 3278 631 3350 Q
722 3278 752 3332 in
764 3294 847 3333 unum
859 3278 999 3333 conuenire
1011 3278 1045 3334 N
1132 3281 1150 3334 6
1162 3294 1223 3333 oon·

91 3361 187 3416 eilium
200 3362 223 3431 Q
291 3362 336 3417 uel
345 3362 381 3429 F,
393 3365 422 3417 et
433 3358 534 3433 5ch
604 3365 619 3418 7
632 3368 756 3435 optamus
765 3366 800 3423 F.
815 3394 846 3407 -
859 3367 902 3422 Ad
914 3365 1015 3420 elerum
1026 3366 1125 3420 Rornae
1137 3365 1222 3434 expli·

90 3448 130 3502 cit
141 3447 179 3517 F,
191 3448 234 3502 ad
244 3446 378 3503 Romanos
390 3448 440 3519 (11.
453 3450 518 3505 cdd.
535 3449 569 3521 Q)
582 3452 695 3521 explicit
706 3453 836 3524 (explieat
848 3454 886 3525 L)
899 3452 990 3524 LNQ.
1003 3482 1037 3494 —

145 3534 234 3603 Epist.
246 3534 319 3590 m.
331 3564 364 3577 -
373 3534 477 3614 Incipit
488 3537 604 3607 epistola
616 3536 733 3594 Celerini
745 3539 780 3595 ed
790 3540 937 3596 cadmum
949 3544 1044 3612 petens
1054 3559 1102 3613 pro
1115 3544 1223 3600 nomine

92 3619 241 3675 Numerius
259 3623 288 3675 et
304 3620 440 3678 Canffidae
456 3626 489 3676 ut
505 3639 551 3677 eae
568 3623 599 3678 in
616 3628 719 3681 mente·
738 3625 864 3683 habaet
881 3643 949 3697 qnae
960 3628 1089 3684 Numerio
1106 3636 1138 3684 ut
1153 3630 1223 3685 dicit

91 3706 245 3775 praemium
256 3706 332 3762 dedit
343 3724 376 3762 ne
388 3706 569 3764 caecarent
580 3711 611 3776 T,
623 3710 747 3781 Epistola
759 3712 877 3769 Celerini
889 3714 924 3768 ad
931 3714 1081 3770 Lucienum
1093 3714 1160 3771 conf.
1174 3731 1223 3786 pre

91 3792 181 3861 lapsis
202 3794 351 3849 orationem
371 3795 399 3848 et
420 3794 579 3864 suffragium
601 3795 816 3869 deprecantem,
837 3799 954 3856 Celerini
975 3800 1009 3855 ad
1020 3801 1170 3857 Lucianum
1190 3805 1222 3858 ut

91 3878 197 3932 scribet
218 3879 243 3933 ei
262 3882 291 3933 et
311 3878 454 3935 subueniat
466 3880 595 3937 Numerio
616 3884 644 3937 et
656 3883 774 3939 Candide
794 3886 879 3955 lapsis
891 3903 923 3942 sc.
936 3917 971 3927 -
982 3888 999 3942 9
1010 3888 1127 3943 Lucieno
1149 3888 1222 3943 salu·

91 3965 181 4019 temo
260 3965 295 4021 10
304 3966 359 4021 tibi
370 3982 466 4036 cumn
550 3969 711 4025 laconicum
726 3972 752 4023 Τ
826 3973 879 4042 uel]
892 3976 920 4027 et
930 3988 973 4031 ecc
1042 3990 1123 4044 penes
1134 3975 1222 4044 magi·

91 4052 198 4106 strates
212 4052 244 4117 Τ,
263 4054 444 4123 magistratus
460 4072 592 4128 poenam
679 4058 713 4113 13
725 4058 759 4114 ab
772 4059 812 4128 eo]
825 4058 911 4114 habeo
927 4061 953 4113 T
1035 4062 1069 4115 14
1081 4062 1137 4131 uel]
1149 4063 1178 4116 et
1188 4079 1222 4130 c,-
1301 4103 1305 4112 =

92 4136 129 4204 ef.
140 4153 172 4206 p.
185 4140 266 4207 530ss
335 4141 370 4195 lb
381 4141 564 4198 inocneumbit
574 4160 600 4199 w
663 4144 741 4215 quod]
754 4144 825 4215 quod
836 4162 926 4203 cumo
982 4149 1126 4202 montanus
1137 4147 1223 4202 frater
1241 4156 1244 4167 ·

91 4224 187 4277 noster
198 4226 346 4281 communis
362 4230 387 4281 T
453 4229 485 4283 17
497 4230 615 4286 sciebam
631 4232 661 4297 Τ,
675 4231 778 4287 scribae
794 4232 883 4289 Ocoea
947 4232 1028 4305 etde]
1042 4236 1071 4289 et
1084 4236 1116 4299 T,
1128 4233 1189 4289 dee

92 4306 129 4361 18
142 4308 198 4379 sed]
211 4312 240 4364 et
255 4310 343 4367 Cama
412 4315 441 4369 iu
453 4330 504 4371 cm.
517 4335 539 4385 φ
610 4317 644 4372 19
657 4316 849 4375 confessionem
863 4320 890 4375 Τ

199 4415 250 4463 111.
973 4409 1017 4475 34
