3025 4967
242 334 306 401 664
650 332 797 387 Caecilii
814 331 979 400 cyprini

241 487 330 552 mnis
347 486 497 553 indicitur
510 486 570 551 noi
585 490 687 552 mcii
701 488 877 570 poenit
893 488 1195 573 memetque
1210 489 1376 573 inpane

242 590 365 673 integer
379 588 461 671 qnod
475 608 573 670 nuper
586 590 685 654 stetit.
700 592 860 655 armentur
871 594 906 655 et
919 590 1009 672 lapei
1023 592 1061 655 ut
1073 594 1107 656 et
1121 592 1229 676 Ιηιιιιιε
1241 594 1375 675 recipiet

241 692 327 775 quod
349 693 466 759 ambit.
489 692 627 775 integrae
641 692 754 769 bonor,
775 694 880 775 lepeoe
892 694 981 758 dolor
994 694 1035 758 nd
1048 694 1200 777 proelium
1214 698 1372 777 prouocet.

240 795 358 861 ermari
374 798 407 861 ct
421 795 524 877 pareri
538 812 592 859 noe
607 794 715 859 boetun
728 798 887 877 epoetolne
900 798 1127 861 deoetdieane:
1146 817 1222 863 non
1235 802 1296 862 eet
1309 818 1373 863 no-

241 901 306 967 bie
327 898 577 965 conluctatio
598 899 786 964 aduereue
807 918 960 965 carnem
980 902 1019 964 et
1040 901 1281 985 eanguinem,
1302 902 1405 966 sede

138 1000 144 1015 “
244 1004 436 1069 ednereue
468 1004 693 1085 potestaten
726 1004 765 1067 et
793 1002 993 1086 principer
1024 1003 1142 1067 buine
1173 1004 1304 1069 mnndi
1334 1006 1373 1069 et

244 1108 381 1173 berum
403 1104 669 1180 tenebrarum,
697 1105 887 1171 aduersae
912 1106 1085 1187 epiritue
1105 1107 1310 1188 nequitiae
1329 1106 1373 1172 in

247 1208 506 1277 caeleetibue.
544 1211 704 1292 propter
735 1209 836 1291 quod
872 1210 1030 1275 induite
1060 1213 1146 1275 tota
1176 1228 1298 1280 arma.
1331 1214 1378 1275 nt

247 1312 418 1398 poeaitie
439 1313 626 1377 reeintere
646 1312 687 1377 iu
708 1312 771 1377 die
790 1313 1048 1395 neqnieeime‚
1077 1316 1120 1378 nt
1141 1333 1226 1378 cum
1246 1316 1379 1379 omnia

246 1415 503 1499 perfeceritis
524 1416 643 1481 etetie
665 1415 839 1480 adcincti
859 1415 1015 1480 lamhee
1036 1420 1192 1481 caetrae
1211 1416 1253 1481 in
1274 1418 1418 1481 ueri-e

247 1520 347 1595 tete,
378 1516 512 1584 induti
540 1518 703 1583 loricam
730 1518 920 1584 iustitiae
946 1520 988 1584 et
1007 1520 1177 1585 calciati
1198 1520 1315 1602 pedes
1336 1520 1378 1584 in

248 1622 555 1706 praeparatione
575 1623 687 1704 pecie
708 1622 927 1706 euangelii,
951 1621 1203 1688 adsumentes
1223 1626 1381 1687 scutum

248 1724 363 1803 fidei,
386 1726 425 1791 in
446 1744 519 1808 qno
549 1726 717 1809 pernitie
747 1728 877 1793 omnia
904 1726 1036 1811 ignita
1062 1726 1195 1791 iacula
1222 1728 1384 1809 nequis-

248 1828 339 1895 eimi
354 1830 592 1912 extinguere
606 1830 644 1893 et
665 1829 814 1913 galeam
836 1828 984 1895 enlutie
1004 1832 1043 1893 et
1063 1829 1237 1914 gladium
1258 1829 1383 1913 epiri·

253 1934 333 2011 tue,
358 1932 426 2013 qni
449 1935 508 1997 eet
529 1950 653 1998 eermo
675 1933 756 1998 Dei,
1397 1956 1423 1994 e

220 2042 241 2105 θ
303 2036 389 2101 Haeo
402 2054 490 2101 mma
504 2054 673 2113 eumanme,
688 2036 738 2103 bie
752 2054 808 2101 noe
822 2038 1008 2102 tutamentie
1027 2036 1222 2119 epiritelibue
1237 2038 1271 2100 et
1284 2038 1388 2103 caele·

251 2140 353 2207 etibua
373 2139 560 2217 muniamus,
584 2142 621 2205 nt
635 2140 669 2204 in
684 2140 735 2205 die
749 2142 938 2223 neqnieeimo
952 2141 1095 2206 redetere
1109 2140 1226 2205 diaboli
1239 2140 1336 2205 minis
1349 2144 1384 2205 et

252 2261 422 2327 repugnare
433 2242 595 2325 poeeimue
612 2243 778 2309 indnnmue
788 2245 917 2309 loricam
927 2242 1078 2321 leutitiae,
1090 2245 1128 2307 ιιι
1139 2245 1244 2309 oonba
1254 2242 1379 2308 inimici

253 2347 353 2413 leonte
367 2346 523 2413 munitum
536 2346 579 2411 eit
593 2348 700 2430 pectne
715 2350 748 2413 et
762 2349 877 2412 tntum
900 2348 1023 2413 calciati
1038 2348 1104 2411 eint
1116 2345 1296 2430 euangelioo
1310 2363 1380 2410 nna·

254 2450 383 2535 gieterio
396 2450 429 2515 et
442 2449 556 2515 armati
571 2451 673 2532 peden,
689 2450 726 2515 ut
739 2468 812 2515 cnm
825 2468 950 2532 eerpene
971 2449 1084 2514 calcari
1098 2468 1118 2514 a
1132 2448 1221 2514 nobie
1235 2450 1268 2514 et
1278 2448 1380 2513 obteri
1393 2470 1424 2511 ee

255 2554 406 2635 eoeperit,
428 2553 566 2618 mordere
587 2554 619 2617 et
644 2552 844 2636 subplantare
864 2572 926 2618 non
945 2556 1053 2635 poenit
1075 2554 1235 2635 partemne
1258 2550 1386 2617 fortiter

255 2658 379 2723 neutum
401 2655 490 2733 fidei,
511 2673 572 2737 quo
591 2658 772 2741 protegente
791 2656 943 2739 quidquid
956 2656 1111 2721 inculatur
1124 2654 1270 2719 inimicae
1284 2654 1386 2737 poenit

255 2759 404 2843 extingui.
420 2758 608 2841 accipiemus
623 2776 744 2843 qnoque
755 2759 795 2824 ad
805 2761 1022 2844 tegumentum
1034 2758 1145 2841 capitie
1155 2760 1277 2842 galeam
1290 2758 1387 2841 epiri-

259 2865 365 2940 talem‚
383 2863 419 2927 ut
434 2862 616 2928 muniantur
630 2881 731 2940 auree,
746 2881 785 2927 ne
798 2862 928 2927 andiunt
942 2862 1045 2927 edicte
1058 2862 1182 2946 feralia,
1206 2861 1391 2926 munientur

125 2962 130 2968 ’
259 2966 352 3040 oculi,
364 2986 402 3031 ne
415 2966 543 3031 uideant
554 2964 733 3040 deteetaude
744 2966 919 3043 simulacra,
934 2966 1095 3031 munietur
1104 2964 1198 3040 boue,
1213 2966 1251 3028 nt
1262 2964 1391 3047 signnm
1401 2990 1430 3030 ns

259 3070 317 3135 Dei
333 3069 487 3135 incolume
500 3071 651 3149 seruetur,
667 3068 827 3134 munietur
837 3086 881 3149 oe,
896 3070 934 3133 nt
943 3067 1112 3133 Dominum
1125 3086 1217 3131 enum
1229 3064 1391 3131 Obrietnm

361 3290 463 3363 rupi.
483 3292 507 3357 e,
528 3291 637 3346 ie-ru

316 3502 330 3555 1
343 3498 478 3567 indigitnr
490 3497 517 3553 Β
619 3496 663 3551 dei
681 3512 750 3551 crae.
763 3498 796 3550 ιἰι
812 3495 843 3566 Q,
856 3494 889 3549 dc
900 3494 939 3549 M
1037 3494 1135 3550 ceetrie
1147 3494 1185 3547 Μ
1192 3493 1238 3547 ced
1251 3485 1276 3546 le
1287 3494 1321 3547 ie
1332 3508 1388 3547 ree.

264 3586 366 3655 (caeba
380 3584 413 3655 (t)
483 3584 693 3653 nprcepnmie
764 3580 900 3651 apostolae
912 3579 1009 3649 paulus
1024 3580 1055 3650 Q,
1067 3580 1164 3650 panlue
1175 3578 1313 3651 apoetolne
1326 3578 1355 3633 Β

266 3670 405 3727 decatum.
423 3670 602 3740 Q¹bdrnonet
617 3668 714 3739 Q’et.
820 3665 1240 3721 oecumenicorum
1337 3664 1396 3719 det

267 3757 372 3826 harum]
390 3758 484 3810 barum
499 3756 525 3809 P
627 3754 643 3807 1
656 3753 782 3822 epiritnrn
796 3752 823 3806 B
924 3751 1015 3805 Stnta
1028 3748 1066 3821 ρ’
1077 3752 1147 3818 (ιοιι
1159 3750 1251 3820 ΜΨ),
1270 3766 1321 3803 oenc
1335 3750 1362 3804 Β

267 3844 302 3899 10
313 3858 344 3897 eo
355 3842 436 3897 cincti
450 3843 477 3896 P
551 3842 583 3895 11
595 3840 699 3893 induite
713 3838 748 3909 θ’
761 3837 862 3907 (induti
878 3836 969 3907 ΨΜ),
982 3836 1123 3890 induentes
1138 3836 1166 3890 V
1229 3837 1258 3888 et
1270 3850 1321 3889 oen.
1334 3834 1363 3889 Β

271 3930 304 3983 12
316 3928 448 3995 euangelii
461 3928 535 3997 pecie
547 3945 563 3981 n
668 3926 702 3979 14
714 3924 835 3995 epiritne]
852 3923 949 3977 obrleti
961 3922 990 3977 Β
1092 3922 1126 3975 16
1139 3920 1285 3990 sumamus]
1297 3920 1397 3973 nance

268 4014 437 4071 dilectionlini
458 4014 524 4069 cdd.
543 4014 568 4066 V
671 4009 842 4080 tutamentie]
863 4010 1051 4063 iuramentiee
1156 4006 1190 4061 18
1205 4006 1290 4060 lorica
1302 4008 1330 4060 Β

267 4101 303 4157 ‘B
314 4100 384 4171 qnod
397 4101 443 4156 bd'
461 4102 524 4169 (quo
538 4099 622 4169 M’Q.)
726 4098 761 4151 13
776 4096 955 4165 tegimentum
968 4095 995 4148 P
1097 4092 1207 4162 eapitis]
1225 4092 1323 4146 salutis
1335 4092 1364 4146 Β

266 4187 429 4259 epiritnlenn]
441 4188 613 4241 salutaremn
692 4184 727 4238 24
739 4182 850 4237 audient
869 4179 909 4235 Β·
990 4178 1133 4233 edicta...
1148 4178 1259 4233 uideant
1271 4195 1320 4232 een.
1336 4178 1364 4231 Β

271 4276 306 4330 26
326 4258 420 4329 dffl‘ii
530 4271 659 4326 incolume
678 4310 719 4325 ...
739 4286 815 4323 sunm
838 4284 888 4322 em.
907 4266 936 4321 Β
1043 4266 1192 4318 reeeruetnr
1213 4263 1240 4318 V
1338 4262 1398 4316 iesu

278 4360 373 4415 ebrieti
387 4358 413 4413 1ι
