3025 4967
302 367 369 435 540
709 365 855 423 Caecilii
872 365 1039 435 cypriani

187 622 193 629 ι
304 540 367 606 rim
381 542 417 605 ut
429 540 560 621 sciretis,
575 541 739 624 utriusque
752 540 905 625 epistulae
920 541 1096 625 exemplum
1110 540 1228 609 litteris
1241 542 1320 607 meis
1335 542 1436 606 iunxi

305 644 388 725 quod
408 645 512 711 totum
527 645 598 727 peto
612 643 765 710 fratribus
780 645 895 709 nostris
909 644 1034 730 legatis,
1058 647 1095 710 ut
1110 646 1212 729 magis
1226 664 1262 710 ac
1276 644 1378 729 magis
1393 644 1438 709 ad

304 747 489 829 patientiam
504 748 713 830 conponantur
720 766 778 813 nec
790 746 903 813 delicto
913 748 1008 831 priori
1020 749 1158 814 adiciant
1168 747 1270 814 adbuc
1281 747 1368 813 aliud
1378 747 1438 813 ‹le-

304 850 426 935 lictum‚
442 851 479 915 ut
490 850 566 916 dum
577 850 666 916 nobis
675 869 733 916 nec
744 850 908 936 euangelio
922 852 1040 917 seruire
1054 870 1111 917 nec
1121 852 1293 917 secundum
1307 852 1438 916 uniuer-

302 970 408 1019 sorum
433 952 642 1041 confessorum
666 953 791 1019 litteras
814 972 922 1020 causas
942 960 1018 1020 'suas
1041 954 1212 1020 examinari
1233 955 1459 1037 permittunts

302 1058 375 1140 opto
400 1075 466 1136 uos,
492 1056 606 1123 fratres
632 1056 798 1137 carissimi,
823 1058 902 1123 bene
927 1057 1032 1123 ualere
1058 1059 1091 1124 et
1116 1058 1216 1123 nostri
1241 1057 1438 1123 meminisse.

301 1158 531 1226 fraternitatem
545 1160 725 1226 uniuersam
740 1160 887 1227 salutate.

542 1448 927 1563 EPISTVLA
960 1449 1194 1565 XXVII.

299 1655 502 1714 cremamus
522 1656 765 1713 Psuasrunnrs
782 1658 828 1713 rr
844 1658 1064 1714 nmconrnvs
1081 1658 1206 1715 sonan
1223 1656 1439 1715 consuerun-

682 1743 1051 1799 urnvsrnnunnsvss.
1434 1751 1459 1792 ιο
1503 1815 1504 1818 p

273 1945 288 2009 1
341 1934 447 2001 Factis
466 1934 507 2000 ad
528 1950 584 2001 nos
608 1934 736 2019 litteris,
763 1933 877 2001 trabes
900 1934 1066 2013 carissimi,
1090 1934 1205 2017 quibus
1219 1936 1311 2003 aetus
1324 1935 1433 2001 noster
1503 1969 1504 1972 ¹

299 2037 458 2121 expositus
484 2038 516 2103 et
542 2036 726 2120 disciplinae
748 2057 786 2104 ac
811 2037 995 2122 diligentiae
1020 2038 1324 2120 quantulaecumque
1349 2037 1434 2103 ratio

299 2141 456 2208 declarata
478 2140 536 2219 est,
559 2139 647 2206 aliud
667 2140 800 2207 accessit
820 2141 903 2225 quod
925 2160 982 2207 nec
1002 2140 1108 2223 ipsum
1127 2140 1225 2207 latere
1238 2157 1295 2205 uos
1310 2140 1432 2206 debuit.

298 2264 372 2311 nanu
395 2244 493 2311 frater
513 2246 616 2309 noster
639 2244 797 2312 Lucienus
811 2247 844 2311 et
856 2245 924 2329 ipse
945 2264 1027 2310 unus
1046 2244 1085 2311 do
1106 2242 1343 2323 confessoribus,
1370 2242 1434 2309 fide

350 2486 366 2539 1
384 2486 536 2555 eremplap
634 2484 652 2538 2
670 2498 701 2539 ao
712 2484 802 2554 magis
822 2500 873 2539 osa.
887 2504 909 2537 ω
1006 2485 1024 2538 3
1041 2483 1214 2555 patientiam]
1234 2484 1435 2554 paenitentiam

297 2572 382 2627 ΕΙοω
468 2570 562 2641 priori]
581 2572 687 2640 proprio
700 2571 735 2625 Io
820 2570 884 2625 lut
896 2570 963 2625 dum
975 2570 1088 2640 MT,
1109 2570 1175 2625 ‹lum
1185 2570 1339 2642 E’Iopbo5
1356 2572 1396 2639 cs.
1403 2589 1436 2641 p.

298 2660 397 2723 536,12
481 2656 568 2725 nobis]
587 2673 635 2711 nec
647 2657 725 2711 nobis
738 2656 810 2726 Ipc3
831 2656 866 2723 cs.
884 2656 1010 2712 Groneia
1022 2657 1128 2711 obsera.
1136 2672 1166 2726 p.
1180 2660 1233 2711 145
1319 2658 1435 2727 seruire}

297 2743 394 2799 nolunt
405 2745 506 2797 seruire
516 2760 553 2813 pe
609 2742 819 2797 beoniessorum
831 2758 913 2811 oaap
965 2757 1074 2797 causam
1085 2758 1163 2797 suam
1175 2762 1203 2812 p,
1215 2758 1266 2797 osa
1278 2744 1400 2798 ΕἯΤ·

296 2814 551 2900 examinareMopa
604 2829 825 2883 tcarismiom.
838 2832 869 2897 T,
881 2828 1017 2883 carissimi
1025 2828 1208 2898 semperlltop
1253 2832 1428 2885 etnoatri...

297 2916 417 2971 salutate
429 2932 480 2971 om.
493 2935 513 2985 p
600 2915 616 2968 t
629 2916 745 2969 salntem
761 2915 792 2980 Τ,
813 2914 933 2969 salutate
945 2915 1036 2970 ualete
1047 2916 1108 2970 ΖΜ.
1122 2943 1154 2955 -·
1166 2914 1291 2985 Epistola
1303 2914 1436 2987 Cypriani

299 3001 428 3071 (Explicit
440 3018 464 3066 o,
484 3017 534 3056 ons
548 3000 623 3069 En)
642 2998 676 3054 ad
688 3000 789 3055 olerum
809 3016 862 3055 non
880 3002 980 3055 temere
996 3016 1090 3070 pacem
1106 2998 1224 3055 dandam
1241 3000 1291 3057 ubi
1301 3005 1331 3056 et
1341 3004 1381 3073 (ei
1392 3004 1435 3071 Μ,

294 3104 346 3144 orn.
368 3090 395 3160 o)
417 3088 485 3143 dicit
506 3103 535 3142 se
556 3088 643 3142 solum
667 3087 792 3143 idoneum
816 3102 869 3141 non
893 3104 951 3142 esse
975 3088 1087 3158 explicit
1110 3090 1172 3157 (osa
1190 3090 1219 3158 o)
1241 3089 1358 3158 Effl'o,
1382 3106 1433 3147 oar.

297 3176 366 3245 Ipe.
380 3202 413 3215 -

347 3261 434 3331 llpist.
456 3260 569 3316 XXVII.
582 3290 614 3301 -
627 3259 730 3331 Incipit
752 3260 879 3330 (epistola
896 3260 1019 3331 cipriani
1040 3260 1105 3315 odoi
1123 3262 1159 3333 Τ)
1180 3260 1215 3315 ad
1235 3260 1338 3315 clerum
1358 3262 1435 3316 urbia

297 3346 344 3417 (erl
363 3346 433 3401 claro
455 3347 545 3402 urbico
561 3348 595 3415 Τ)
607 3346 747 3402 demultis
768 3346 964 3401 confessoribus
982 3348 1044 3416 (osa.
1062 3346 1097 3416 Τ)
1109 3345 1181 3401 etde
1192 3345 1307 3401 Luciani
1327 3347 1434 3403 inuare

296 3434 394 3489 cundia
406 3432 602 3501 (uerecundiam
619 3435 654 3501 T)
667 3435 696 3487 et
707 3432 740 3487 de
752 3434 814 3502 (oss.
827 3434 854 3502 a)
867 3432 984 3488 Celerini
1001 3432 1161 3487 confessoris
1172 3431 1307 3487 modestia
1323 3436 1361 3489 lb
1372 3435 1433 3503 (sol.

297 3524 353 3576 204
364 3522 403 3590 a),
424 3519 528 3589 Incipit
545 3518 577 3573 de
595 3518 680 3589 lapsis
701 3518 887 3589 penitentibus
908 3520 936 3573 et
954 3518 988 3573 acl
1008 3502 1102 3587 prbffi
1119 3521 1149 3573 et
1160 3516 1195 3572 at
1211 3518 1339 3574 diaconos
1350 3520 1434 3575 Mune

295 3606 508 3660 consistentibus
528 3607 556 3659 ot
576 3605 733 3660 deaniani
754 3604 879 3659 falsitate
900 3606 928 3658 et
948 3604 1101 3659 denomino
1112 3605 1193 3659 Pauli
1205 3606 1231 3659 Z
1249 3601 1312 3674 (fol.
1326 3609 1382 3661 164
1393 3608 1431 3673 o),

298 3692 421 3762 Epistola
432 3690 553 3762 Cipriani
570 3690 605 3746 atl
622 3693 723 3746 olerum
735 3692 886 3746 Romanum
896 3690 929 3745 de
940 3690 1059 3746 Euciauo
1080 3691 1234 3747 inordinate
1256 3690 1394 3746 scribente
1405 3695 1433 3746 et

297 3778 330 3832 tle
347 3778 413 3833 cleri
433 3777 597 3832 consessione
610 3779 638 3832 et
649 3778 808 3833 confessoris
828 3776 960 3832 modestia
972 3796 1004 3848 φ,
1025 3776 1069 3832 Ad
1080 3776 1185 3832 eosdem
1196 3797 1217 3847 p
1228 3777 1432 3846 (promittitur

298 3864 377 3932 epist.
395 3867 413 3918 9
431 3862 465 3918 ad
480 3847 574 3934 prbr⁶os
595 3866 623 3919 et
633 3863 759 3919 diaconos
770 3864 872 3918 Romm
891 3864 1090 3932 consistentes),
1109 3881 1160 3919 osa
1172 3879 1196 3919 r.
1209 3892 1244 3903 —
1254 3866 1272 3918 9
1282 3864 1430 3919 consisten-

297 3949 373 4004 tibus
385 3948 526 4021 iratribus]
540 3949 734 4006 confessoribus
745 3966 768 4015 ι,
786 3949 996 4004 consistentibus
1011 3950 1039 4003 V
1117 3950 1150 4005 11
1161 3952 1224 4019 post
1235 3950 1324 4004 factas
1336 3950 1371 4005 ad
1382 3966 1429 4005 uos

297 4035 406 4090 litteras
415 4052 458 4107 pr,
471 4035 559 4092 lectas
571 4038 660 4091 auteur
673 4036 707 4092 ad
718 4053 767 4092 uos
779 4036 888 4091 littmas
897 4038 931 4105 Z,
943 4035 1032 4091 laetas
1042 4036 1152 4090 litteras
1164 4036 1198 4091 ad
1209 4052 1258 4090 uos
1270 4052 1286 4091 a
1354 4039 1429 4091 actus

298 4136 377 4176 oras
463 4122 497 4176 12
510 4120 753 4193 tuantumcumque
766 4123 836 4191 Zpr‚
848 4125 980 4191 quantum
993 4122 1048 4177 iarn
1064 4138 1177 4191 eumque
1188 4137 1211 4191 a,
1223 4122 1429 4191 quantulacum-

297 4222 379 4276 queo
464 4207 674 4263 lacernatos
688 4210 726 4263 rr
806 4209 865 4278 nec]
877 4225 943 4277 nep
1028 4208 1110 4278 ipsud
1123 4210 1154 4273 Τ,
1165 4207 1241 4263 istud
1251 4208 1284 4278 Ζ,
1297 4207 1395 4263 inune

300 4294 335 4347 14
346 4293 419 4364 nam]
432 4309 484 4363 quo
497 4294 596 4349 namZ
663 4294 769 4364 etipse]
782 4295 899 4364 ipseper,
912 4294 1020 4349 essetZ
1087 4293 1129 4364 de]
1143 4309 1202 4349 exa
