3025 4967
407 387 585 457 Epistulae
602 389 728 444 LXIII.
747 406 769 443 c.
788 392 896 447 13-15.
1149 398 1211 464 713

98 544 187 609 data
211 546 249 608 et
275 544 476 609 doctrinas
504 545 702 611 hominnm
729 549 928 627 docentes,
958 553 989 615 et
1011 553 1125 616 iterum
1147 552 1211 616 Do·

99 646 195 711 minus
209 645 242 711 in
256 647 416 730 euangelio
431 647 489 712 hoc
503 647 588 713 idem
603 651 724 732 repetat
739 649 858 715 dicens:
874 653 1033 718 reicitis
1056 674 1140 717 man
1150 654 1170 718 d
1179 674 1213 717 a·

100 752 177 815 tum
202 749 274 813 Dei
306 752 349 813 ut
380 751 638 817 traditionem
665 755 834 819 uestram
862 758 1064 822 statuatis.
1099 758 1152 821 sed
1184 761 1215 823 ot

100 852 156 917 alio
175 852 207 917 in
222 852 288 917 loco
307 854 395 935 ponit
416 855 448 918 et
468 854 560 919 dicit:
583 857 648 937 qui
671 856 842 922 soluerit
863 878 976 924 unum
998 878 1040 924 er
1062 862 1215 926 manda-

80 955 150 1020 stis
171 956 262 1020 istis
282 957 456 1022 minimis
479 959 518 1023 et
540 958 595 1023 sic
617 958 795 1024 docuerit
816 960 1005 1039 homines,
1031 964 1215 1029 minimus

100 1058 299 1123 uocabitur
330 1059 369 1125 in
400 1078 516 1143 regno
552 1061 760 1127 caelorum.
796 1063 876 1144 qnod
898 1064 924 1127 si
947 1082 1001 1129 noc
1022 1066 1153 1131 minima
1175 1068 1213 1131 de

100 1161 249 1227 mandatis
263 1160 427 1228 dominicis
441 1162 514 1227 licet
530 1165 658 1242 soluere,
681 1168 795 1248 quanto
811 1167 910 1251 magis
925 1168 991 1232 tam
1008 1188 1130 1251 magna,
1147 1170 1213 1233 tam

99 1265 233 1349 grandia,
249 1266 315 1329 tam
329 1265 370 1329 ad
384 1266 488 1347 ipsum
503 1267 675 1332 dominicae
687 1270 839 1351 passionis
851 1271 883 1334 et
893 1271 1014 1334 nostrae
1030 1272 1217 1353 redemptio·

100 1368 145 1433 uis
164 1369 391 1433 sacramentum
411 1370 597 1450 pertinentia
619 1371 666 1434 fas
688 1388 748 1435 nou
771 1372 818 1436 ost
832 1372 999 1455 infringere
1014 1375 1069 1438 aut
1084 1374 1116 1437 ln
1132 1374 1216 1439 aliud

45 1539 49 1550 ,
71 1489 188 1551 mquam
209 1471 291 1552 quod
306 1471 457 1536 diuinitus
471 1472 653 1536 institutum
669 1474 712 1537 sit
727 1474 862 1538 humana
882 1476 1047 1540 traditione
1070 1479 1217 1541 mutare?

98 1594 165 1639 uam
184 1574 212 1640 si
228 1573 368 1639 Christus
383 1574 470 1640 Iesus
484 1575 636 1639 Dominus
653 1578 686 1640 et
702 1577 787 1642 Deus
802 1581 905 1641 noster
920 1578 984 1658 ipse
1008 1580 1055 1642 est
1074 1598 1215 1643 summus

100 1678 236 1743 sacerdos
251 1677 311 1742 Dei
324 1678 422 1758 patris
438 1679 470 1742 et
484 1677 671 1743 sacrificium
687 1680 771 1763 patri
794 1698 826 1743 so
846 1680 948 1761 ipsum
970 1681 1085 1762 optulit
1108 1684 1139 1745 et
1159 1683 1217 1748 hoc

99 1779 162 1845 fieri
184 1781 219 1847 in
244 1780 295 1845 sui
320 1781 642 1845 commemorationem
669 1782 837 1863 praecepit,
864 1783 971 1864 utique
998 1784 1051 1847 ille
1077 1784 1216 1849 sacerdos

99 1884 163 1948 uice
182 1881 301 1947 Christi
324 1901 396 1947 uere
416 1884 558 1967 fungitur
578 1884 631 1965 qui
652 1883 686 1947 id
708 1884 789 1965 quod
812 1883 952 1949 Christus
976 1886 1050 1951 fecit
1073 1887 1218 1952 imitatur

71 1987 130 2050 net
147 1985 335 2051 sacrificium
349 2004 458 2049 uerum
473 1987 505 2050 et
520 1986 647 2067 plenum
660 1987 737 2051 tunc
752 1986 842 2051 offert
856 1988 888 2051 in
904 1987 1031 2052 ecclesia
1045 1988 1109 2054 Deo
1125 1991 1216 2073 patri,

100 2089 126 2152 si
150 2090 195 2153 sic
222 2089 353 2169 incipiat
379 2088 487 2153 offerre
513 2088 680 2153 secundum
706 2088 787 2170 quod
808 2089 910 2170 ipsum
932 2088 1090 2156 Christum
1114 2091 1220 2159 uideat

101 2192 254 2273 optulisse.

141 2293 284 2359 Ceterum
308 2294 408 2359 omnis
431 2294 591 2378 religionis
612 2297 644 2358 et
665 2295 808 2359 ueritatis
830 2296 995 2379 disciplina
1015 2300 1217 2377 subauditur,
1234 2313 1271 2375 15

100 2397 157 2463 nisi
170 2398 203 2464 id
218 2397 302 2480 quod
315 2398 500 2480 spiritaIIter
514 2398 705 2480 praecipitur
719 2397 855 2463 fideliter
869 2404 1051 2479 reseruetur‚
1067 2402 1127 2466 ulsi
1143 2403 1170 2465 si
1185 2402 1218 2467 in

69 2500 256 2565 »maniciis
272 2500 435 2566 matutinis
450 2500 508 2564 hoc
523 2501 592 2581 quis
606 2503 741 2602 ueretur,
763 2522 802 2565 ne
821 2520 875 2583 per
895 2520 1035 2586 saporem
1050 2506 1117 2570 uini
1131 2507 1220 2570 redo·

101 2602 160 2667 leat
180 2604 367 2687 sanguinem
382 2603 506 2668 Christi.
528 2604 574 2667 sic
596 2620 669 2686 ergo
688 2604 799 2685 incipit
822 2606 854 2668 et
869 2625 887 2669 a
903 2606 1042 2688 passione
1058 2606 1173 2673 Christi
1188 2609 1222 2673 in

101 2706 359 2787 persecutionibus
374 2706 553 2771 fraternitas
568 2706 732 2783 retardari,
756 2707 831 2771 dum
846 2708 879 2771 in
899 2708 1107 2778 oblationibus
1128 2711 1221 2776 discit

198 2913 217 2966 2
234 2911 315 2965 Marc
334 2912 359 2973 7,
378 2911 418 2965 la
488 2913 506 2966 4
522 2911 621 2967 mah.
638 2912 664 2973 5,
684 2913 725 2965 19.

151 3099 166 3152 1
178 3100 310 3153 discentes
324 3100 347 3153 S
428 3099 585 3167 ammireis]
599 3098 662 3153 add.
678 3098 701 3152 S
705 3106 725 3151 ¹:
739 3099 809 3153 mihi
822 3098 938 3163 lecistis3
952 3115 1013 3168 exp.
1026 3117 1060 3153 m.
1072 3103 1091 3153 2
1176 3100 1225 3169 sic]

102 3185 163 3255 siQ
268 3186 421 3254 lmaguam
434 3185 467 3239 8¹
571 3184 689 3238 9inom.
705 3184 732 3238 R
842 3184 1013 3238 101nstitum
1026 3187 1054 3239 P
1156 3187 1189 3238 11
1201 3186 1226 3239 si

103 3286 150 3324 om.
162 3273 190 3325 P
293 3272 364 3324 iesus
377 3270 494 3323 christus
507 3270 602 3339 LPQo
709 3270 838 3338 tapetiis
851 3270 879 3324 R
977 3271 1016 3339 rc]
1030 3272 1069 3324 sei
1082 3270 1110 3331 S.
1123 3274 1151 3324 et
1165 3272 1192 3325 R

103 3356 199 3426 ipsum]
212 3358 302 3427 ipsum
314 3357 415 3424 primus
427 3355 554 3425 LPQRv
685 3355 831 3409 obtulisset
843 3356 870 3410 R
1000 3358 1037 3425 et]
1051 3358 1138 3424 ipsum
1150 3359 1178 3409 et
1194 3357 1226 3426 Q,

103 3458 150 3495 om.
162 3444 190 3497 R
329 3443 362 3496 13
379 3442 628 3495 commemoratione
645 3441 755 3509 LPQR
892 3445 975 3510 utque
987 3442 1025 3496 M
1041 3443 1144 3512 (utiquc
1159 3441 1192 3512 Q)

104 3528 136 3581 14
145 3529 214 3599 uice]
228 3529 277 3597 qui
288 3528 347 3581 nice
364 3528 386 3597 Q
521 3526 559 3596 id}
573 3526 638 3595 quid
650 3544 710 3594 cap.
724 3527 752 3581 L
889 3527 922 3581 15
934 3528 1006 3595 patri
1018 3527 1054 3595 si]
1066 3529 1153 3595 patris
1166 3528 1194 3583 R

105 3614 137 3666 16
147 3615 292 3669 amandum
305 3631 355 3667 om.
369 3614 392 3667 S
507 3613 575 3667 lesi
588 3629 638 3667 om.
652 3612 675 3666 S
776 3613 811 3665 20
822 3628 868 3680 per
879 3628 999 3681 saporem
1011 3630 1036 3667 u.
1050 3630 1070 3665 r.
1086 3628 1107 3665 s.
1119 3614 1226 3683 christi]

103 3701 194 3754 uinum
215 3700 315 3755 offerat
331 3715 364 3753 ne
381 3715 428 3767 per
446 3714 568 3767 saporem
589 3698 648 3751 nini
665 3698 745 3752 odore
763 3697 911 3766 fraglantia
931 3698 1100 3767 (flagrantem
1121 3698 1150 3761 C,
1173 3698 1228 3751 fra-

104 3789 197 3853 grante
215 3790 233 3839 5
246 3784 324 3839 codd.
338 3785 421 3851 Febr)
441 3784 504 3839 odor
517 3784 561 3849 (ab
578 3784 681 3837 infideli
700 3784 863 3839 conscicntia
879 3784 942 3837 odor
957 3784 979 3838 C
996 3790 1021 3837 ct
1033 3786 1050 3837 5
1062 3784 1150 3852 codd)
1168 3784 1227 3839 uini

104 3869 174 3925 horis
185 3871 301 3937 (umbris
317 3871 350 3939 0)
361 3871 508 3925 matutinis
524 3870 607 3923 luent
624 3871 734 3939 agnitus
753 3874 781 3924 et
796 3873 970 3939 cognoscatur
989 3886 1046 3923 esse
1063 3870 1227 3924 christianus

103 3955 165 4011 dum
181 3974 230 4013 nos
249 3957 381 4025 sauguine
391 3957 561 4025 (sanguinem
578 3956 637 4011 Cet
649 3961 665 4009 5
678 3956 767 4025 codd.)
786 3956 883 4009 christi
895 3957 923 4008 in
935 3956 993 4007 uini
1011 3954 1147 4010 oblatione
1164 3958 1227 4025 (ora.

105 4042 133 4095 in
148 4043 208 4097 uini
229 4042 367 4096 oblatione
383 4042 416 4111 G)
436 4041 624 4095 confundimur
642 4043 878 4108 (commemoramus
896 4044 912 4093 5
930 4040 1018 4107 codd.)
1032 4040 1085 4096 BC
1100 4043 1146 4109 (κ
1162 4043 1228 4098 Cer-

105 4127 229 4196 betcnsr's)
241 4127 466 4196 croadam
476 4127 576 4181 laudm
592 4126 677 4181 Ocea
775 4126 843 4197 uini]
856 4126 919 4180 neni
931 4126 995 4179 Lu
1084 4128 1119 4181 21
1131 4129 1170 4181 sic

106 4214 200 4268 christi
211 4213 342 4268 inoaaS
441 4213 670 4283 22pcrsecutione
682 4212 709 4267 R
812 4211 968 4267 fraternitas
984 4211 1220 4267 oblationibus

107 4300 191 4353 oras
292 4298 384 4368 discit]
398 4298 502 4354 dicitS
