3025 4967
318 438 457 487 cxxxiv

319 576 393 641 sunt
404 574 508 660 pretii.
525 574 592 640 uidi
604 576 773 659 plerasque,
790 574 844 640 sed
855 592 950 639 unam
958 574 1063 639 uidere
1069 592 1131 639 non
1138 576 1273 660 contigit
1282 576 1441 644 Geneuen·

319 706 388 753 sem
407 705 479 752 cum
500 686 583 752 notis
602 687 707 752 Iecobi
727 686 862 751 Pamelii
884 689 915 751 st
930 685 1064 753 Simonis
1080 685 1246 766 Goulartii,
1273 708 1352 771 quae
1372 692 1441 772 post

320 798 531 864 Parisiensem
546 818 573 863 a.
593 799 675 865 1593
695 798 835 881 prodisse
850 798 983 862 uidetur.
1004 798 1038 863 in
1053 818 1088 863 ea
1103 797 1187 863 unici
1203 818 1295 881 quem
1309 800 1442 865 habebat

321 909 436 976 codicis
451 910 611 974 cniusdam
625 909 759 991 episcopi
774 909 965 975 Achonensis
980 910 1146 993 scripturas
1161 912 1300 976 onotasse
1315 909 1445 977 Goular·

319 1022 402 1087 tium
416 1021 606 1087 Reinhartus
627 1020 727 1087 editor
741 1020 951 1086 Altdorlensis
965 1023 1110 1088 testatur.

261 1167 273 1198 ο
363 1133 502 1198 Tandem
518 1152 546 1198 a.
561 1133 644 1198 1648
652 1132 811 1217 Rigaltius
826 1134 877 1199 uir
892 1135 923 1199 et
938 1134 1094 1218 elegantia
1108 1134 1226 1219 ingenii
1241 1137 1272 1201 et
1286 1136 1442 1201 doctrinas

321 1246 408 1330 copia
428 1244 560 1329 insignis
580 1246 670 1310 nouis
690 1244 838 1311 subsidiis
855 1246 1026 1311 instructus
1042 1264 1134 1329 opera
1150 1245 1295 1329 Cypriani
1310 1248 1441 1313 Parisiis

321 1356 417 1443 (apud
440 1333 503 1422 ni'd.
526 1357 700 1423 Methurini
720 1358 763 1423 dn
783 1357 860 1423 Pnis
881 1357 933 1422 uia
948 1357 1095 1423 Iaoobaea
1116 1358 1173 1423 sub
1194 1359 1283 1442 signo
1298 1356 1442 1437 Coronae)

320 1470 404 1555 typis
434 1470 541 1535 edidit.
571 1470 605 1535 in
634 1470 818 1551 scriptorum
847 1470 953 1535 ordino
979 1488 997 1534 a
1021 1470 1161 1536 Pamolio
1190 1471 1336 1536 instituto
1366 1469 1444 1535 nihil

320 1582 458 1649 mutauit
477 1582 539 1648 uisi
560 1582 641 1664 quod
662 1582 831 1664 epistulam
846 1580 969 1646 Donati
984 1582 1027 1646 ad
1045 1582 1245 1664 Cypriacam
1265 1584 1298 1649 in
1316 1584 1444 1647 adnota-

321 1692 421 1760 tiones
443 1694 558 1759 reiecit.
582 1693 795 1758 adnotationes
810 1693 988 1775 locupletes,
1010 1694 1123 1776 quibus
1139 1680 1216 1777 quae
1231 1695 1270 1758 ad
1285 1677 1379 1758 crisin
1395 1692 1444 1757 uel

322 1806 463 1890 exegesin
484 1806 639 1889 pertinent
660 1804 777 1887 optime
799 1804 977 1888 explicauit,
999 1807 1103 1870 tomus
1119 1806 1197 1870 alter
1212 1805 1444 1888 comprehendit

324 1919 428 1999 eisque
442 1916 625 1983 anecdotum
639 1934 715 1999 opus
730 1934 767 1981 ex
779 1916 881 1981 codice
892 1916 1036 1982 Remensi
1052 1918 1265 1982 uetustissimo
1281 1917 1445 2000 depromp-

324 2030 394 2095 tum
418 2026 469 2093 De
494 2028 717 2108 rebaptismate
744 2026 970 2093 baereticorum
999 2028 1138 2093 inseruit.
1169 2027 1208 2093 ad
1237 2029 1444 2094 adornandam

325 2140 492 2207 editionem
521 2140 660 2224 Rigaltio
689 2141 812 2223 praeter
841 2138 1055 2205 Oorbeionsem
1082 2139 1142 2224 (Ο),
1173 2140 1356 2205 Thoansum
1383 2140 1443 2225 (Ρ),

325 2252 505 2318 Foriensem
532 2251 594 2337 (Z),
623 2251 758 2335 Regium
790 2253 844 2337 (=
872 2251 937 2317 cod.
964 2251 1061 2317 Paris.
1092 2252 1174 2317 1653
1204 2270 1282 2317 saec.
1310 2251 1388 2338 XII)
1416 2252 1445 2316 et

325 2362 481 2445 exemplar
516 2362 671 2446 quoddam
705 2362 946 2445 Pomposianum
981 2363 1265 2428 uetustissimomm
1302 2364 1443 2429 codicum

330 2474 511 2541 Veronensis
532 2477 564 2541 et
578 2475 788 2540 Beneuentani
810 2474 935 2541 collatio
957 2475 994 2539 de
1014 2493 1075 2557 qna
1095 2494 1186 2557 supra
1207 2475 1250 2559 (p.
1266 2472 1361 2560 XIII)
1384 2474 1446 2539 dini

328 2589 450 2671 praesto
461 2588 532 2652 fuit,
549 2605 624 2670 quos
639 2606 711 2652 cum
725 2587 841 2652 ueteris
856 2586 1026 2670 scripturae
1041 2587 1227 2652 liniamenta
1238 2585 1372 2652 fideliter
1387 2603 1449 2649 ser·

330 2718 403 2765 nare
422 2698 691 2777 animaduerteret,
713 2717 744 2764 se
764 2717 869 2764 eorum
884 2698 1053 2781 scripturas
1068 2716 1173 2763 omnes
1188 2698 1220 2762 in
1236 2698 1302 2780 ipso
1325 2715 1449 2779 operum

330 2812 475 2877 contentu
499 2812 727 2892 repraesentare
753 2810 896 2877 debuisse
918 2810 1006 2888 dicit,
1034 2811 1086 2875 sed
1108 2809 1328 2875 festinantibus
1352 2807 1449 2891 operis

329 2923 561 3007 typographicis
584 2941 655 2987 cum
678 2922 784 2987 adesse
806 2921 867 2986 sibi
885 2940 946 2986 non
960 2921 1077 3001 liceret,
1100 2920 1134 2985 id
1148 2920 1215 2985 fieri
1231 2939 1291 2986 non
1304 2921 1448 3001 potuisse.

331 3035 484 3119 relegauit
498 3035 597 3119 igitur
612 3033 795 3099 Veronensis
816 3033 848 3097 et
862 3032 1070 3099 Beneuentani
1086 3032 1159 3097 libri
1173 3032 1449 3115 locupletissimam

331 3146 513 3214 memoriam
523 3145 556 3210 in
568 3145 804 3220 obsemotioaes,
819 3144 1004 3210 lectionibus
1019 3144 1125 3226 paucis
1136 3144 1169 3207 in
1180 3145 1301 3208 tentum
1312 3142 1453 3224 receptis

333 3252 1452 3341 quamuisaVeronensicodice,cuiuscondicionemnonperspexerat,lere

333 3371 417 3435 totns
432 3370 579 3453 pendeat,'
591 3368 812 3451 circumspecto
828 3368 859 3432 et
872 3368 961 3432 acuto
976 3366 1090 3431 iudicio
1102 3366 1134 3431 in
1146 3365 1296 3449 eligendis
1310 3362 1450 3430 lectioni·

333 3482 392 3547 bus
413 3482 444 3547 et
464 3480 669 3565 ponderandis
688 3481 830 3545 uersatus
851 3477 1060 3543 emendatiora
1076 3479 1107 3543 et
1121 3476 1291 3561 integriora
1307 3471 1449 3559 Cypriani

334 3611 426 3676 opera
445 3592 544 3657 edidit
565 3612 658 3675 qnam
680 3591 735 3674 qui
749 3610 785 3655 ea
799 3590 886 3672 prius
902 3590 1139 3673 castigauerant.
1161 3590 1194 3653 in
1210 3588 1292 3653 calce
1307 3584 1452 3653 editionis

334 3705 457 3771 Nicolai
471 3704 564 3769 Fabri
585 3704 776 3769 coniecturas
796 3702 1002 3784 lectionesque
1018 3722 1094 3784 quas
1110 3721 1126 3767 e
1141 3700 1298 3767 codicibus
1314 3699 1370 3763 ille
1384 3712 1452 3762 eno·

335 3817 458 3882 taceret
471 3816 594 3881 adiecit.
610 3815 743 3899 Rigaltii
760 3815 926 3880 editionem
941 3816 1047 3879 secuta
1062 3813 1109 3877 est
1122 3810 1301 3877 Oroniensis
1317 3828 1343 3875 a.
1362 3806 1452 3873 1682.

213 3919 225 3950 ⁰
263 3919 316 3949 ''¹''
337 3949 409 3996 nam
424 3927 586 3994 Reinharti
608 3926 703 3992 editio
725 3945 802 4009 quae
818 3944 843 3991 a.
864 3926 944 3991 1681
961 3924 1132 3991 Altdorfiao
1146 3923 1263 4005 prodiit
1276 3922 1395 3987 nullius
1410 3920 1454 3983 est

336 4040 502 4115 momenti;
517 4039 545 4104 is
560 4039 643 4103 enim
657 4041 779 4120 praeter
794 4038 944 4103 editiones
960 4036 1081 4119 aliquot
1096 4034 1285 4116 antiquiores
1302 4031 1453 4098 oNorim·

337 4150 478 4234 bergensi
500 4150 688 4216 bibliotheca
711 4149 857 4215 adnectas
880 4166 953 4213 mss.
976 4147 1073 4212 libros
1094 4164 1170 4229 qnos
1193 4145 1310 4210 frustra
1332 4144 1364 4209 in
1381 4141 1455 4208 Ger·

338 4261 460 4327 maniae
480 4260 677 4328 bibliothecis
691 4262 864 4345 quaesierat
879 4261 981 4326 nullos
996 4259 1169 4341 usurpauit.
1192 4256 1376 4323 Oxonienses
1392 4252 1455 4318 edi·

338 4375 420 4440 tores
435 4375 480 4439 Io.
496 4374 601 4441 Fellus
619 4374 780 4459 episcopus
796 4372 976 4439 Oxoniensis
993 4373 1024 4437 et
1039 4372 1082 4436 lo.
1098 4370 1281 4437 Pearsonius
1297 4367 1457 4452 episcopus
