3025 4967
307 405 371 471 698
706 404 851 460 Caecilii
868 406 1028 477 Cypriani

307 559 447 643 perficiat
467 561 501 625 iu
521 560 609 625 uobis
632 549 828 629 confessionis
850 566 971 629 uestrae
992 566 1158 649 gloriosam
1186 584 1343 633 coronam:
1372 571 1427 653 qui

308 664 340 729 et
366 664 406 728 ad
434 664 491 729 hoc
518 682 573 737 uos
601 664 731 730 fortasse
758 667 925 745 reuocauit,
954 687 992 731 ne
1021 668 1121 753 gloria
1143 671 1224 735 esset
1245 672 1374 763 occultae,
1398 673 1427 738 si

307 766 383 833 foris
411 769 512 832 essent
541 766 739 832 confessionis
767 770 890 835 uestrae
919 774 1132 839 consummata
1162 775 1322 857 martyris
1355 795 1429 841 nam

305 870 437 936 uictima
459 888 536 953 qnae
557 869 746 936 fraternitati
769 872 894 954 praebet
916 874 1091 957 exemplum
1112 877 1145 941 et
1164 876 1430 943 mutronensi

305 973 518 1057 praesentibus
539 974 631 1039 debet
653 973 801 1041 matribus
822 976 976 1043 inmolari.
1000 980 1142 1061 optamus
1156 980 1198 1059 tc,
1221 978 1317 1047 frater
1331 982 1449 1049 caris-s
1471 994 1475 1011 '

307 1077 396 1156 sime,
418 1096 540 1160 semper
561 1076 638 1143 bene
660 1078 773 1145 ualere.

495 1426 501 1435 ·
574 1366 943 1479 EPISTVLA
977 1368 1151 1481 LXII.

306 1586 508 1643 morsuve
534 1554 711 1643 musmo
736 1588 881 1645 usxrnro
908 1588 1068 1647 rsoouo
1094 1590 1239 1649 moloni
1262 1592 1431 1653 uonmrso

398 1672 606 1730 nnnnemm
622 1673 797 1731 nmmo
814 1674 859 1731 ns
877 1675 1072 1732 nonomno
1089 1677 1290 1733 sensumve
1307 1680 1334 1733 s.

274 1886 287 1947 l
317 1926 323 1939 t
343 1879 422 1946 (nrm
436 1880 570 1946 maximo
585 1881 682 1946 animi
694 1882 793 1947 nostri
808 1884 929 1967 gemitu
943 1885 976 1949 et
989 1901 1050 1951 nou
1061 1884 1127 1950 sine
1138 1885 1274 1953 lacrimis
1285 1887 1425 1972 legimus
1441 1914 1464 1953 m

301 1983 425 2049 litteras
447 1985 575 2063 uestras,
602 1983 714 2050 fratros
739 1986 903 2064 carissimi,
929 2004 1006 2069 quse
1031 1986 1071 2051 ad
1096 2005 1152 2053 nos
1176 2007 1231 2070 pro
1250 1988 1431 2056 dilectionis

301 2088 424 2153 uestrae
434 2087 643 2153 sollicitudine
657 2088 697 2153 de
710 2087 844 2155 fratrum
858 2092 1034 2156 nostrorum
1045 2091 1077 2156 et
1089 2108 1228 2156 soromm
1243 2092 1429 2177 captiuitale

300 2189 429 2255 facistis.
458 2190 528 2273 quie
549 2192 631 2256 enim
651 2210 712 2257 non
731 2191 834 2258 doleat
847 2193 880 2257 in
894 2193 1045 2259 eiusmodi
1065 2194 1187 2259 casibus
1206 2195 1262 2259 aut
1282 2196 1355 2277 quis
1369 2214 1429 2261 non

302 2292 440 2359 dolorem
454 2291 561 2359 fratris
576 2296 612 2359 ut
626 2312 718 2359 suum
732 2295 891 2379 proprium
906 2298 1072 2379 computet,
1096 2316 1167 2363 cum
1186 2298 1335 2387 loquatur
1351 2316 1427 2383 apo-

301 2396 401 2462 stolus
434 2395 551 2461 Paulus
586 2398 619 2461 et
651 2397 750 2462 dicat:
788 2397 823 2463 si
855 2399 1015 2480 patitur
1047 2399 1265 2466 membrum
1297 2420 1456 2481 nnuma

301 2500 604 2581 compatiuntur
639 2501 677 2565 et
712 2503 841 2566 cetera
876 2502 1064 2567 membra:
1108 2504 1145 2569 et
1177 2504 1211 2568 si
1246 2503 1429 2571 laetatur

301 2602 515 2667 membrum
536 2622 666 2681 unum,
689 2603 960 2669 collaetantur
980 2605 1019 2669 et
1040 2606 1170 2672 cetera
1191 2607 1373 2683 membra
1397 2610 1428 2673 et

302 2704 365 2771 alio
393 2706 470 2783 loco,
503 2705 595 2787 quis
624 2706 872 2785 infirmatur,
902 2707 1018 2790 inquit,
1048 2709 1087 2773 et
1115 2726 1185 2793 ego
1213 2726 1284 2774 nou
1311 2709 1426 2775 infir·

302 2812 403 2875 mor?
429 2827 524 2892 quare
545 2828 628 2875 nuuc
650 2812 682 2874 et
702 2810 791 2875 nobis
806 2810 974 2893 captiuitas
989 2810 1122 2877 fratrum
1136 2813 1242 2878 nostra
1256 2813 1425 2895 captiuitas

172 2978 179 2998 p
302 2907 510 2995 computanda
531 2913 579 2979 est
598 2914 630 2979 et
650 2912 894 2995 periclitantium
910 2914 996 2979 dolor
1009 2932 1065 2997 pro
1079 2916 1183 2981 nostm
1196 2915 1300 2981 dolore
1314 2936 1458 2983 nume-ao

302 3017 418 3083 raudus
431 3018 489 3095 est,
505 3035 577 3081 cum
591 3018 635 3081 sil
649 3017 770 3083 scilicet
789 3018 985 3084 adunationis
1005 3019 1127 3084 nostrae
1147 3019 1179 3084 et
1199 3036 1309 3101 eorpus
1328 3038 1428 3087 uuum

303 3122 336 3185 et
349 3138 410 3185 uon
424 3120 549 3185 tantum
563 3120 688 3187 dilectio
703 3122 757 3187 sei
772 3122 804 3185 et
817 3120 927 3205 religio
943 3121 1093 3205 instigare
1108 3139 1163 3187 nos
1177 3121 1287 3187 debeat
1302 3123 1335 3187 et
1355 3141 1429 3189 con·

304 3223 419 3290 fortare
433 3224 473 3290 ad
487 3224 621 3290 fratrum
642 3224 782 3290 membra
796 3226 983 3290 redimenda.
1197 3251 1203 3264 ·

408 3445 473 3501 151
491 3444 549 3501 Cor.
568 3446 669 3510 1226.
740 3445 819 3501 1811
838 3445 896 3501 Gor.
916 3446 957 3509 11,
974 3446 1017 3500 29.

356 3656 372 3709 1
384 3654 461 3709 nobis
474 3653 540 3708 ΒΜ
548 3651 635 3721 (uobis
651 3651 684 3722 Q)
788 3654 893 3707 uestrae
905 3656 933 3707 et
944 3653 972 3707 L
1084 3652 1140 3707 iet
1151 3652 1185 3708 ad
1198 3669 1231 3707 es
1243 3652 1276 3708 ad
1289 3654 1316 3708 L
1328 3672 1362 3708 m.
1376 3660 1395 3710 2

239 3760 244 3771 ¹
304 3742 348 3811 ue]
360 3740 442 3811 necQ
509 3737 917 3809 ieremploQ(exemplumM)
982 3740 1063 3809 prius
1075 3738 1265 3793 oroanrnr
1274 3738 1347 3808 (esis
1360 3740 1396 3811 Q)

304 3828 322 3881 5
333 3826 520 3897 praesentibus
537 3824 616 3879 debet
632 3823 774 3895 fratribus]
791 3828 930 3895 praesente
942 3824 1020 3895 plebe
1031 3825 1116 3895 possit
1128 3824 1159 3879 F
1292 3824 1428 3893 inmolari]

304 3913 441 3967 immorari
461 3910 550 3981 PQT,
570 3910 698 3965 celebrari
715 3910 747 3965 F
896 3912 1019 3980 optamus
1094 3910 1185 3965 ualere
1205 3926 1255 3965 om.
1274 3910 1309 3965 L.
1332 3940 1364 3951 -
1387 3909 1429 3965 Ad

304 3998 434 4067 (Explicit
454 3999 488 4053 ad
500 3998 538 4066 P)
558 3995 671 4051 Lucium
688 3996 721 4052 de
739 3997 819 4051 exilio
839 4012 975 4052 reuersum
997 3996 1106 4067 explicit
1127 3996 1252 4067 (explicat
1270 3996 1305 4060 L,
1327 4012 1377 4052 om.
1392 3996 1428 4065 Pl
1507 4008 1508 4017 ¹

356 4166 441 4237 Epist.
460 4168 545 4222 LXII.
568 4198 601 4208 —
622 4167 665 4223 Aoi
681 4167 839 4222 Ianuarium
859 4170 888 4221 et
909 4170 1011 4222 ceteros
1030 4167 1063 4221 de
1084 4168 1201 4238 captiuis
1221 4166 1381 4223 redimendis
1398 4188 1427 4237 μ,
1507 4166 1508 4169 ’

304 4268 354 4307 om.
367 4270 391 4306 r.
404 4282 436 4293 -
449 4254 484 4307 14
494 4256 526 4307 ut
536 4254 644 4322 scripsi,
656 4255 685 4307 et
696 4268 741 4323 rp,
752 4254 823 4317 snio
924 4255 958 4308 15
969 4252 1065 4323 paulus
1077 4253 1214 4323 apostolus
1226 4274 1246 4322 μ
1344 4268 1427 4307 unum

304 4339 479 4395 membrumo
555 4340 782 4410 lieteip,sio;
795 4342 823 4393 et
835 4339 859 4393 ai
929 4342 1017 4394 cetera
1027 4339 1146 4394 membra
1156 4355 1235 4395 coar
1310 4339 1344 4393 18
1355 4338 1425 4408 quis]
1507 4364 1508 4377 ¹

305 4423 365 4491 quis
376 4440 457 4478 nour
550 4439 602 4477 non
614 4440 693 4494 egos
786 4426 1111 4496 meteorpur1mrpusv
1203 4424 1425 4493 accomomrip
