<?xml version="1.0" encoding="UTF-8"?>
<!DOCTYPE html PUBLIC "-//W3C//DTD XHTML 1.0 Transitional//EN"
    "http://www.w3.org/TR/xhtml1/DTD/xhtml1-transitional.dtd">
<html xmlns="http://www.w3.org/1999/xhtml" xml:lang="en" lang="en">
 <head>
  <title>
</title>
<meta http-equiv="Content-Type" content="text/html;charset=utf-8" />
  <meta name='ocr-system' content='tesseract 3.04.00' />
  <meta name='ocr-capabilities' content='ocr_page ocr_carea ocr_par ocr_line ocrx_word'/>
</head>
<body>
  <div class='ocr_page' id='page_1' title='image "./corpusscriptoru16wissgoog_0155.png"; bbox 0 0 3025 4967; ppageno 0'>
   <div class='ocr_carea' id='block_1_1' title="bbox 475 372 1234 443">
    <p class='ocr_par' dir='ltr' id='par_1_1' title="bbox 475 372 1234 443">
     <span class='ocr_line' id='line_1_1' title="bbox 475 372 1234 443; baseline 0.007 -14"><span class='ocrx_word' id='word_1_1' title='bbox 475 372 525 429; x_wconf 78' lang='lat' dir='ltr'>nl</span> <span class='ocrx_word' id='word_1_2' title='bbox 544 374 710 429; x_wconf 86' lang='lat' dir='ltr'>Donatum</span> <span class='ocrx_word' id='word_1_3' title='bbox 726 390 748 429; x_wconf 83' lang='lat' dir='ltr'>c</span> <span class='ocrx_word' id='word_1_4' title='bbox 763 374 879 433; x_wconf 78' lang='lat'>10-12.</span> <span class='ocrx_word' id='word_1_5' title='bbox 1192 378 1234 443; x_wconf 86' lang='lat'>13</span> 
     </span>
    </p>
   </div>
   <div class='ocr_carea' id='block_1_2' title="bbox 19 528 1236 865">
    <p class='ocr_par' dir='ltr' id='par_1_2' title="bbox 19 528 1236 865">
     <span class='ocr_line' id='line_1_2' title="bbox 96 528 1234 615; baseline 0.004 -22"><span class='ocrx_word' id='word_1_6' title='bbox 96 528 224 595; x_wconf 73' lang='lat' dir='ltr'>fnllmti</span> <span class='ocrx_word' id='word_1_7' title='bbox 247 548 361 615; x_wconf 90' lang='lat' dir='ltr'>sapore</span> <span class='ocrx_word' id='word_1_8' title='bbox 381 530 536 597; x_wconf 57' lang='lat' dir='ltr'>mediato</span> <span class='ocrx_word' id='word_1_9' title='bbox 556 530 703 615; x_wconf 86' lang='lat' dir='ltr'>poculum</span> <span class='ocrx_word' id='word_1_10' title='bbox 725 529 851 601; x_wconf 83' lang='lat' dir='ltr'>uidetur</span> <span class='ocrx_word' id='word_1_11' title='bbox 872 548 953 609; x_wconf 87' lang='lat' dir='ltr'>esse,</span> <span class='ocrx_word' id='word_1_12' title='bbox 976 529 1058 613; x_wconf 86' lang='lat' dir='ltr'>quod</span> <span class='ocrx_word' id='word_1_13' title='bbox 1079 530 1234 597; x_wconf 82' lang='lat' dir='ltr'>sumitur:</span> 
     </span>
     <span class='ocr_line' id='line_1_3' title="bbox 94 630 1236 718; baseline 0 -21"><span class='ocrx_word' id='word_1_14' title='bbox 94 632 146 697; x_wconf 89' lang='lat' dir='ltr'>ubi</span> <span class='ocrx_word' id='word_1_15' title='bbox 161 632 257 715; x_wconf 86' lang='lat' dir='ltr'>epotn</span> <span class='ocrx_word' id='word_1_16' title='bbox 270 652 322 699; x_wconf 88' lang='lat' dir='ltr'>rea</span> <span class='ocrx_word' id='word_1_17' title='bbox 336 634 399 712; x_wconf 90' lang='lat' dir='ltr'>est,</span> <span class='ocrx_word' id='word_1_18' title='bbox 414 633 564 717; x_wconf 80' lang='lat' dir='ltr'>pernicies</span> <span class='ocrx_word' id='word_1_19' title='bbox 578 634 691 699; x_wconf 86' lang='lat' dir='ltr'>bansta</span> <span class='ocrx_word' id='word_1_20' title='bbox 704 633 872 717; x_wconf 76' lang='lat' dir='ltr'>grassatur.</span> <span class='ocrx_word' id='word_1_21' title='bbox 896 632 1009 718; x_wconf 89' lang='lat' dir='ltr'>quippe</span> <span class='ocrx_word' id='word_1_22' title='bbox 1023 632 1117 697; x_wconf 91' lang='lat' dir='ltr'>illum</span> <span class='ocrx_word' id='word_1_23' title='bbox 1132 630 1236 711; x_wconf 75' lang='lat' dir='ltr'>uiues,</span> 
     </span>
     <span class='ocr_line' id='line_1_4' title="bbox 19 734 1231 865; baseline -0.001 -64"><span class='ocrx_word' id='word_1_24' title='bbox 19 774 20 865; x_wconf 33' lang='lat' dir='ltr'>p</span> <span class='ocrx_word' id='word_1_25' title='bbox 94 736 146 817; x_wconf 81' lang='lat' dir='ltr'>qui</span> <span class='ocrx_word' id='word_1_26' title='bbox 168 737 295 802; x_wconf 55' lang='lat' dir='ltr'>nmina</span> <span class='ocrx_word' id='word_1_27' title='bbox 316 736 446 803; x_wconf 88' lang='lat' dir='ltr'>clariore</span> <span class='ocrx_word' id='word_1_28' title='bbox 467 737 648 819; x_wconf 87' lang='lat' dir='ltr'>conspicans</span> <span class='ocrx_word' id='word_1_29' title='bbox 668 734 789 823; x_wconf 74' lang='lat' dir='ltr'>fulgere</span> <span class='ocrx_word' id='word_1_30' title='bbox 811 735 871 801; x_wconf 87' lang='lat' dir='ltr'>sibi</span> <span class='ocrx_word' id='word_1_31' title='bbox 893 735 1019 801; x_wconf 68' lang='lat' dir='ltr'>ndstra</span> <span class='ocrx_word' id='word_1_32' title='bbox 1033 735 1066 801; x_wconf 90' lang='lat' dir='ltr'>in</span> <span class='ocrx_word' id='word_1_33' title='bbox 1080 753 1231 817; x_wconf 84' lang='lat' dir='ltr'>purpure:</span> 
     </span>
    </p>
   </div>
   <div class='ocr_carea' id='block_1_3' title="bbox 13 838 1291 3297">
    <p class='ocr_par' dir='ltr' id='par_1_3' title="bbox 13 838 1291 3297">
     <span class='ocr_line' id='line_1_5' title="bbox 94 838 1236 924; baseline -0.002 -21"><span class='ocrx_word' id='word_1_34' title='bbox 94 838 208 920; x_wconf 74' lang='lat' dir='ltr'>quibas</span> <span class='ocrx_word' id='word_1_35' title='bbox 222 838 290 905; x_wconf 85' lang='lat' dir='ltr'>boc</span> <span class='ocrx_word' id='word_1_36' title='bbox 298 839 442 905; x_wconf 83' lang='lat' dir='ltr'>sordibus</span> <span class='ocrx_word' id='word_1_37' title='bbox 461 841 556 919; x_wconf 86' lang='lat' dir='ltr'>omit,</span> <span class='ocrx_word' id='word_1_38' title='bbox 578 841 617 905; x_wconf 89' lang='lat' dir='ltr'>ut</span> <span class='ocrx_word' id='word_1_39' title='bbox 637 838 773 922; x_wconf 82' lang='lat' dir='ltr'>fulgest,</span> <span class='ocrx_word' id='word_1_40' title='bbox 797 856 872 922; x_wconf 88' lang='lat' dir='ltr'>quos</span> <span class='ocrx_word' id='word_1_41' title='bbox 895 839 1114 924; x_wconf 70' lang='lat' dir='ltr'>cingentium</span> <span class='ocrx_word' id='word_1_42' title='bbox 1134 838 1236 903; x_wconf 84' lang='lat' dir='ltr'>fastus</span> 
     </span>
     <span class='ocr_line' id='line_1_6' title="bbox 76 940 1236 1026; baseline 0.003 -25"><span class='ocrx_word' id='word_1_43' title='bbox 76 941 181 1023; x_wconf 77' lang='lat' dir='ltr'>sprius</span> <span class='ocrx_word' id='word_1_44' title='bbox 206 942 357 1025; x_wconf 78' lang='lat' dir='ltr'>pertulit,</span> <span class='ocrx_word' id='word_1_45' title='bbox 380 960 457 1026; x_wconf 82' lang='lat' dir='ltr'>quas</span> <span class='ocrx_word' id='word_1_46' title='bbox 477 942 625 1025; x_wconf 88' lang='lat' dir='ltr'>superbas</span> <span class='ocrx_word' id='word_1_47' title='bbox 644 942 725 1007; x_wconf 86' lang='lat' dir='ltr'>fores</span> <span class='ocrx_word' id='word_1_48' title='bbox 739 941 914 1007; x_wconf 88' lang='lat' dir='ltr'>matutinus</span> <span class='ocrx_word' id='word_1_49' title='bbox 934 942 1087 1007; x_wconf 77' lang='lat' dir='ltr'>salutator</span> <span class='ocrx_word' id='word_1_50' title='bbox 1102 940 1236 1018; x_wconf 77' lang='lat' dir='ltr'><strong>obsedit,</strong></span> 
     </span>
     <span class='ocr_line' id='line_1_7' title="bbox 93 1043 1235 1130; baseline -0.001 -21"><span class='ocrx_word' id='word_1_51' title='bbox 93 1044 170 1126; x_wconf 82' lang='lat' dir='ltr'>quot</span> <span class='ocrx_word' id='word_1_52' title='bbox 198 1045 393 1111; x_wconf 78' lang='lat' dir='ltr'><strong>tumentium</strong></span> <span class='ocrx_word' id='word_1_53' title='bbox 425 1045 648 1111; x_wconf 88' lang='lat' dir='ltr'>contumeliosa</span> <span class='ocrx_word' id='word_1_54' title='bbox 673 1045 809 1130; x_wconf 81' lang='lat' dir='ltr'>uestigia</span> <span class='ocrx_word' id='word_1_55' title='bbox 842 1044 976 1127; x_wconf 81' lang='lat' dir='ltr'>stipatus</span> <span class='ocrx_word' id='word_1_56' title='bbox 1009 1044 1042 1110; x_wconf 90' lang='lat' dir='ltr'>in</span> <span class='ocrx_word' id='word_1_57' title='bbox 1072 1043 1235 1111; x_wconf 91' lang='lat' dir='ltr'>clientium</span> 
     </span>
     <span class='ocr_line' id='line_1_8' title="bbox 94 1148 1237 1233; baseline -0.001 -21"><span class='ocrx_word' id='word_1_58' title='bbox 94 1165 207 1212; x_wconf 88' lang='lat' dir='ltr'>cuneos</span> <span class='ocrx_word' id='word_1_59' title='bbox 230 1149 306 1215; x_wconf 88' lang='lat' dir='ltr'>ante</span> <span class='ocrx_word' id='word_1_60' title='bbox 325 1149 507 1233; x_wconf 73' lang='lat' dir='ltr'>praecessit,</span> <span class='ocrx_word' id='word_1_61' title='bbox 530 1150 567 1214; x_wconf 88' lang='lat' dir='ltr'>ut</span> <span class='ocrx_word' id='word_1_62' title='bbox 587 1149 691 1231; x_wconf 90' lang='lat' dir='ltr'>ipsum</span> <span class='ocrx_word' id='word_1_63' title='bbox 713 1149 810 1214; x_wconf 88' lang='lat' dir='ltr'>etiam</span> <span class='ocrx_word' id='word_1_64' title='bbox 831 1149 1003 1215; x_wconf 86' lang='lat' dir='ltr'>salutetum</span> <span class='ocrx_word' id='word_1_65' title='bbox 1025 1166 1127 1215; x_wconf 84' lang='lat' dir='ltr'>comos</span> <span class='ocrx_word' id='word_1_66' title='bbox 1147 1148 1237 1231; x_wconf 84' lang='lat' dir='ltr'>post-</span> 
     </span>
     <span class='ocr_line' id='line_1_9' title="bbox 94 1250 1236 1337; baseline -0.001 -21"><span class='ocrx_word' id='word_1_67' title='bbox 94 1250 228 1317; x_wconf 80' lang='lat' dir='ltr'>modnm</span> <span class='ocrx_word' id='word_1_68' title='bbox 253 1270 367 1337; x_wconf 87' lang='lat' dir='ltr'>pompe</span> <span class='ocrx_word' id='word_1_69' title='bbox 386 1252 594 1335; x_wconf 85' lang='lat' dir='ltr'>praecederet,</span> <span class='ocrx_word' id='word_1_70' title='bbox 618 1252 748 1319; x_wconf 84' lang='lat' dir='ltr'>obnoxia</span> <span class='ocrx_word' id='word_1_71' title='bbox 772 1269 832 1319; x_wconf 90' lang='lat' dir='ltr'>non</span> <span class='ocrx_word' id='word_1_72' title='bbox 854 1252 974 1319; x_wconf 90' lang='lat' dir='ltr'>bomini</span> <span class='ocrx_word' id='word_1_73' title='bbox 996 1252 1049 1318; x_wconf 90' lang='lat' dir='ltr'>sed</span> <span class='ocrx_word' id='word_1_74' title='bbox 1076 1251 1236 1336; x_wconf 87' lang='lat' dir='ltr'>potestati.</span> 
     </span>
     <span class='ocr_line' id='line_1_10' title="bbox 95 1354 1235 1437; baseline 0.001 -20"><span class='ocrx_word' id='word_1_75' title='bbox 95 1370 196 1437; x_wconf 81' lang='lat' dir='ltr'>neque</span> <span class='ocrx_word' id='word_1_76' title='bbox 211 1354 299 1421; x_wconf 88' lang='lat' dir='ltr'>onim</span> <span class='ocrx_word' id='word_1_77' title='bbox 321 1355 383 1421; x_wconf 90' lang='lat' dir='ltr'>coli</span> <span class='ocrx_word' id='word_1_78' title='bbox 404 1356 544 1421; x_wconf 87' lang='lat' dir='ltr'>moribus</span> <span class='ocrx_word' id='word_1_79' title='bbox 565 1356 681 1421; x_wconf 90' lang='lat' dir='ltr'>meruit</span> <span class='ocrx_word' id='word_1_80' title='bbox 695 1354 749 1420; x_wconf 93' lang='lat' dir='ltr'>ille</span> <span class='ocrx_word' id='word_1_81' title='bbox 771 1354 825 1421; x_wconf 89' lang='lat' dir='ltr'>sed</span> <span class='ocrx_word' id='word_1_82' title='bbox 846 1354 991 1422; x_wconf 79' lang='lat' dir='ltr'>fascibus.</span> <span class='ocrx_word' id='word_1_83' title='bbox 1014 1356 1126 1420; x_wconf 91' lang='lat' dir='ltr'>borum</span> <span class='ocrx_word' id='word_1_84' title='bbox 1148 1354 1235 1419; x_wconf 89' lang='lat' dir='ltr'>deni·</span> 
     </span>
     <span class='ocr_line' id='line_1_11' title="bbox 68 1457 1238 1542; baseline -0.002 -20"><span class='ocrx_word' id='word_1_85' title='bbox 68 1475 155 1539; x_wconf 84' lang='lat' dir='ltr'>aque</span> <span class='ocrx_word' id='word_1_86' title='bbox 165 1457 280 1523; x_wconf 85' lang='lat' dir='ltr'>uideas</span> <span class='ocrx_word' id='word_1_87' title='bbox 294 1458 394 1523; x_wconf 88' lang='lat' dir='ltr'>exitus</span> <span class='ocrx_word' id='word_1_88' title='bbox 405 1460 520 1541; x_wconf 88' lang='lat' dir='ltr'>turpes.</span> <span class='ocrx_word' id='word_1_89' title='bbox 535 1476 608 1523; x_wconf 89' lang='lat' dir='ltr'>cum</span> <span class='ocrx_word' id='word_1_90' title='bbox 616 1476 729 1540; x_wconf 86' lang='lat' dir='ltr'>auceps</span> <span class='ocrx_word' id='word_1_91' title='bbox 738 1458 915 1541; x_wconf 87' lang='lat' dir='ltr'>temporum</span> <span class='ocrx_word' id='word_1_92' title='bbox 924 1458 1067 1542; x_wconf 75' lang='lat' dir='ltr'>palpator</span> <span class='ocrx_word' id='word_1_93' title='bbox 1077 1457 1238 1534; x_wconf 77' lang='lat' dir='ltr'>abscessit,</span> 
     </span>
     <span class='ocr_line' id='line_1_12' title="bbox 96 1559 1236 1643; baseline 0 -18"><span class='ocrx_word' id='word_1_94' title='bbox 96 1578 168 1625; x_wconf 77' lang='lat' dir='ltr'>num</span> <span class='ocrx_word' id='word_1_95' title='bbox 182 1560 308 1643; x_wconf 86' lang='lat' dir='ltr'>priuati</span> <span class='ocrx_word' id='word_1_96' title='bbox 320 1561 404 1626; x_wconf 90' lang='lat' dir='ltr'>latus</span> <span class='ocrx_word' id='word_1_97' title='bbox 417 1560 537 1627; x_wconf 85' lang='lat' dir='ltr'>nudum</span> <span class='ocrx_word' id='word_1_98' title='bbox 547 1561 685 1627; x_wconf 82' lang='lat' dir='ltr'>desertor</span> <span class='ocrx_word' id='word_1_99' title='bbox 695 1561 818 1627; x_wconf 85' lang='lat' dir='ltr'>adsecls</span> <span class='ocrx_word' id='word_1_100' title='bbox 829 1560 983 1626; x_wconf 82' lang='lat' dir='ltr'>foedauit:</span> <span class='ocrx_word' id='word_1_101' title='bbox 999 1561 1074 1626; x_wconf 88' lang='lat' dir='ltr'>tnnc</span> <span class='ocrx_word' id='word_1_102' title='bbox 1083 1559 1236 1625; x_wconf 87' lang='lat' dir='ltr'>laceratae</span> 
     </span>
     <span class='ocr_line' id='line_1_13' title="bbox 96 1660 1279 1748; baseline -0.003 -19"><span class='ocrx_word' id='word_1_103' title='bbox 96 1660 210 1729; x_wconf 80' lang='lat' dir='ltr'>domus</span> <span class='ocrx_word' id='word_1_104' title='bbox 224 1664 341 1748; x_wconf 82' lang='lat' dir='ltr'>plagae</span> <span class='ocrx_word' id='word_1_105' title='bbox 354 1664 574 1730; x_wconf 62' lang='lat' dir='ltr'>affluentiam</span> <span class='ocrx_word' id='word_1_106' title='bbox 588 1664 718 1745; x_wconf 86' lang='lat' dir='ltr'>feriunt,</span> <span class='ocrx_word' id='word_1_107' title='bbox 741 1666 817 1729; x_wconf 89' lang='lat' dir='ltr'>tunc</span> <span class='ocrx_word' id='word_1_108' title='bbox 831 1666 876 1730; x_wconf 90' lang='lat' dir='ltr'>rei</span> <span class='ocrx_word' id='word_1_109' title='bbox 890 1663 1056 1731; x_wconf 83' lang='lat' dir='ltr'>familiaris</span> <span class='ocrx_word' id='word_1_110' title='bbox 1071 1663 1239 1729; x_wconf 81' lang='lat' dir='ltr'>exhaustae</span> <span class='ocrx_word' id='word_1_111' title='bbox 1276 1690 1279 1695; x_wconf 96' lang='lat'>·</span> 
     </span>
     <span class='ocr_line' id='line_1_14' title="bbox 96 1766 1238 1852; baseline -0.001 -21"><span class='ocrx_word' id='word_1_112' title='bbox 96 1766 214 1831; x_wconf 68' lang='lat' dir='ltr'>mua</span> <span class='ocrx_word' id='word_1_113' title='bbox 227 1769 408 1846; x_wconf 81' lang='lat' dir='ltr'>noscuntur,</span> <span class='ocrx_word' id='word_1_114' title='bbox 423 1767 538 1850; x_wconf 90' lang='lat' dir='ltr'>quibus</span> <span class='ocrx_word' id='word_1_115' title='bbox 551 1768 729 1852; x_wconf 89' lang='lat' dir='ltr'>redemptus</span> <span class='ocrx_word' id='word_1_116' title='bbox 744 1768 833 1834; x_wconf 78' lang='lat' dir='ltr'>fauor</span> <span class='ocrx_word' id='word_1_117' title='bbox 847 1767 937 1852; x_wconf 85' lang='lat' dir='ltr'>uulgi</span> <span class='ocrx_word' id='word_1_118' title='bbox 953 1768 985 1833; x_wconf 91' lang='lat' dir='ltr'>et</span> <span class='ocrx_word' id='word_1_119' title='bbox 999 1767 1122 1833; x_wconf 82' lang='lat' dir='ltr'>caducis</span> <span class='ocrx_word' id='word_1_120' title='bbox 1137 1766 1238 1848; x_wconf 75' lang='lat' dir='ltr'>solque</span> 
     </span>
     <span class='ocr_line' id='line_1_15' title="bbox 97 1868 1235 1953; baseline -0.001 -18"><span class='ocrx_word' id='word_1_121' title='bbox 97 1869 249 1935; x_wconf 74' lang='lat' dir='ltr'>incilibus</span> <span class='ocrx_word' id='word_1_122' title='bbox 262 1868 345 1935; x_wconf 87' lang='lat' dir='ltr'>uotis</span> <span class='ocrx_word' id='word_1_123' title='bbox 359 1870 516 1953; x_wconf 88' lang='lat' dir='ltr'>popularis</span> <span class='ocrx_word' id='word_1_124' title='bbox 531 1889 608 1936; x_wconf 89' lang='lat' dir='ltr'>aura</span> <span class='ocrx_word' id='word_1_125' title='bbox 621 1870 762 1953; x_wconf 88' lang='lat' dir='ltr'>quaesita</span> <span class='ocrx_word' id='word_1_126' title='bbox 776 1871 832 1935; x_wconf 90' lang='lat' dir='ltr'>est.</span> <span class='ocrx_word' id='word_1_127' title='bbox 857 1870 955 1936; x_wconf 91' lang='lat' dir='ltr'>stulta</span> <span class='ocrx_word' id='word_1_128' title='bbox 974 1887 1097 1953; x_wconf 88' lang='lat' dir='ltr'>prorsus</span> <span class='ocrx_word' id='word_1_129' title='bbox 1112 1869 1143 1935; x_wconf 90' lang='lat' dir='ltr'>et</span> <span class='ocrx_word' id='word_1_130' title='bbox 1158 1888 1235 1934; x_wconf 89' lang='lat' dir='ltr'>uana</span> 
     </span>
     <span class='ocr_line' id='line_1_16' title="bbox 69 1971 1237 2057; baseline -0.001 -20"><span class='ocrx_word' id='word_1_131' title='bbox 69 1972 239 2051; x_wconf 74' lang='lat' dir='ltr'>sisoim,</span> <span class='ocrx_word' id='word_1_132' title='bbox 262 1971 442 2039; x_wconf 77' lang='lat' dir='ltr'>fruebautis</span> <span class='ocrx_word' id='word_1_133' title='bbox 456 1973 626 2056; x_wconf 86' lang='lat' dir='ltr'>spectaculi</span> <span class='ocrx_word' id='word_1_134' title='bbox 639 1974 800 2057; x_wconf 81' lang='lat' dir='ltr'>uoluptate</span> <span class='ocrx_word' id='word_1_135' title='bbox 813 1972 848 2039; x_wconf 93' lang='lat' dir='ltr'>id</span> <span class='ocrx_word' id='word_1_136' title='bbox 861 1991 968 2057; x_wconf 80' lang='lat' dir='ltr'>parare</span> <span class='ocrx_word' id='word_1_137' title='bbox 982 1973 1133 2053; x_wconf 89' lang='lat' dir='ltr'>uoluisse,</span> <span class='ocrx_word' id='word_1_138' title='bbox 1156 1972 1237 2055; x_wconf 81' lang='lat' dir='ltr'>quod</span> 
     </span>
     <span class='ocr_line' id='line_1_17' title="bbox 98 2075 903 2161; baseline -0.002 -18"><span class='ocrx_word' id='word_1_139' title='bbox 98 2096 154 2143; x_wconf 88' lang='lat' dir='ltr'>nec</span> <span class='ocrx_word' id='word_1_140' title='bbox 167 2076 307 2159; x_wconf 87' lang='lat' dir='ltr'>populus</span> <span class='ocrx_word' id='word_1_141' title='bbox 322 2075 475 2157; x_wconf 90' lang='lat' dir='ltr'>acciperet</span> <span class='ocrx_word' id='word_1_142' title='bbox 488 2077 521 2140; x_wconf 89' lang='lat' dir='ltr'>et</span> <span class='ocrx_word' id='word_1_143' title='bbox 534 2075 676 2159; x_wconf 85' lang='lat' dir='ltr'>perderet</span> <span class='ocrx_word' id='word_1_144' title='bbox 689 2076 903 2161; x_wconf 80' lang='lat' dir='ltr'>magistratus.</span> 
     </span>
     <span class='ocr_line' id='line_1_18' title="bbox 139 2177 1291 2262; baseline 0.003 -18"><span class='ocrx_word' id='word_1_145' title='bbox 139 2178 204 2244; x_wconf 80' lang='lat' dir='ltr'>Sed</span> <span class='ocrx_word' id='word_1_146' title='bbox 219 2180 254 2245; x_wconf 90' lang='lat' dir='ltr'>et</span> <span class='ocrx_word' id='word_1_147' title='bbox 267 2196 345 2262; x_wconf 86' lang='lat' dir='ltr'>quos</span> <span class='ocrx_word' id='word_1_148' title='bbox 358 2178 474 2245; x_wconf 85' lang='lat' dir='ltr'>diuites</span> <span class='ocrx_word' id='word_1_149' title='bbox 488 2179 622 2261; x_wconf 87' lang='lat' dir='ltr'>opinaris</span> <span class='ocrx_word' id='word_1_150' title='bbox 643 2180 857 2246; x_wconf 82' lang='lat' dir='ltr'>continuantes</span> <span class='ocrx_word' id='word_1_151' title='bbox 877 2179 1010 2245; x_wconf 88' lang='lat' dir='ltr'>saltibus</span> <span class='ocrx_word' id='word_1_152' title='bbox 1026 2178 1126 2245; x_wconf 87' lang='lat' dir='ltr'>saltus</span> <span class='ocrx_word' id='word_1_153' title='bbox 1147 2178 1179 2244; x_wconf 90' lang='lat' dir='ltr'>et</span> <span class='ocrx_word' id='word_1_154' title='bbox 1199 2177 1237 2242; x_wconf 92' lang='lat' dir='ltr'>de</span> <span class='ocrx_word' id='word_1_155' title='bbox 1249 2183 1291 2248; x_wconf 78' lang='lat'>12</span> 
     </span>
     <span class='ocr_line' id='line_1_19' title="bbox 99 2280 1237 2366; baseline -0.004 -18"><span class='ocrx_word' id='word_1_156' title='bbox 99 2281 234 2348; x_wconf 70' lang='lat' dir='ltr'>munio</span> <span class='ocrx_word' id='word_1_157' title='bbox 248 2281 437 2366; x_wconf 86' lang='lat' dir='ltr'>pauperibus</span> <span class='ocrx_word' id='word_1_158' title='bbox 451 2281 581 2347; x_wconf 86' lang='lat' dir='ltr'>exclusis</span> <span class='ocrx_word' id='word_1_159' title='bbox 595 2281 718 2348; x_wconf 87' lang='lat' dir='ltr'>infinita</span> <span class='ocrx_word' id='word_1_160' title='bbox 738 2301 775 2348; x_wconf 87' lang='lat' dir='ltr'>sc</span> <span class='ocrx_word' id='word_1_161' title='bbox 797 2283 863 2349; x_wconf 92' lang='lat' dir='ltr'>sine</span> <span class='ocrx_word' id='word_1_162' title='bbox 884 2282 1027 2349; x_wconf 79' lang='lat' dir='ltr'>beminis</span> <span class='ocrx_word' id='word_1_163' title='bbox 1048 2300 1122 2347; x_wconf 87' lang='lat' dir='ltr'>rura</span> <span class='ocrx_word' id='word_1_164' title='bbox 1142 2280 1237 2345; x_wconf 81' lang='lat' dir='ltr'>letius</span> 
     </span>
     <span class='ocr_line' id='line_1_20' title="bbox 13 2382 1237 2484; baseline 0 -34"><span class='ocrx_word' id='word_1_165' title='bbox 13 2437 14 2484; x_wconf 27' lang='lat' dir='ltr'>p</span> <span class='ocrx_word' id='word_1_166' title='bbox 99 2384 308 2469; x_wconf 68' lang='lat' dir='ltr'>porrigmtss</span> <span class='ocrx_word' id='word_1_167' title='bbox 320 2383 431 2468; x_wconf 90' lang='lat' dir='ltr'>quibus</span> <span class='ocrx_word' id='word_1_168' title='bbox 441 2384 562 2469; x_wconf 81' lang='lat' dir='ltr'>argenti</span> <span class='ocrx_word' id='word_1_169' title='bbox 569 2385 676 2450; x_wconf 85' lang='lat' dir='ltr'>etsuri</span> <span class='ocrx_word' id='word_1_170' title='bbox 687 2386 859 2452; x_wconf 69' lang='lat' dir='ltr'>manniam</span> <span class='ocrx_word' id='word_1_171' title='bbox 866 2384 985 2469; x_wconf 87' lang='lat' dir='ltr'>pondus</span> <span class='ocrx_word' id='word_1_172' title='bbox 997 2386 1029 2451; x_wconf 92' lang='lat' dir='ltr'>et</span> <span class='ocrx_word' id='word_1_173' title='bbox 1039 2382 1237 2468; x_wconf 88' lang='lat' dir='ltr'>pecuniarum</span> 
     </span>
     <span class='ocr_line' id='line_1_21' title="bbox 13 2485 1240 2573; baseline -0.005 -16"><span class='ocrx_word' id='word_1_174' title='bbox 13 2489 14 2524; x_wconf 78' lang='lat'>³</span> <span class='ocrx_word' id='word_1_175' title='bbox 70 2487 282 2573; x_wconf 67' lang='lat' dir='ltr'>stupentium</span> <span class='ocrx_word' id='word_1_176' title='bbox 293 2486 344 2553; x_wconf 90' lang='lat' dir='ltr'>uel</span> <span class='ocrx_word' id='word_1_177' title='bbox 355 2487 503 2553; x_wconf 85' lang='lat' dir='ltr'>exstructi</span> <span class='ocrx_word' id='word_1_178' title='bbox 512 2506 641 2573; x_wconf 80' lang='lat' dir='ltr'>aggeres</span> <span class='ocrx_word' id='word_1_179' title='bbox 652 2488 704 2554; x_wconf 89' lang='lat' dir='ltr'>uel</span> <span class='ocrx_word' id='word_1_180' title='bbox 714 2488 854 2556; x_wconf 84' lang='lat' dir='ltr'>defossae</span> <span class='ocrx_word' id='word_1_181' title='bbox 863 2490 972 2567; x_wconf 84' lang='lat' dir='ltr'>strues,</span> <span class='ocrx_word' id='word_1_182' title='bbox 984 2488 1040 2553; x_wconf 89' lang='lat' dir='ltr'>bos</span> <span class='ocrx_word' id='word_1_183' title='bbox 1052 2488 1148 2554; x_wconf 87' lang='lat' dir='ltr'>stiam</span> <span class='ocrx_word' id='word_1_184' title='bbox 1158 2485 1240 2552; x_wconf 88' lang='lat' dir='ltr'>inter</span> 
     </span>
     <span class='ocr_line' id='line_1_22' title="bbox 99 2588 1238 2675; baseline 0 -20"><span class='ocrx_word' id='word_1_185' title='bbox 99 2588 234 2655; x_wconf 80' lang='lat' dir='ltr'>diuitias</span> <span class='ocrx_word' id='word_1_186' title='bbox 249 2607 321 2655; x_wconf 86' lang='lat' dir='ltr'>snas</span> <span class='ocrx_word' id='word_1_187' title='bbox 334 2590 470 2672; x_wconf 88' lang='lat' dir='ltr'>trepidos</span> <span class='ocrx_word' id='word_1_188' title='bbox 484 2591 681 2675; x_wconf 83' lang='lat' dir='ltr'>cogitationis</span> <span class='ocrx_word' id='word_1_189' title='bbox 700 2591 836 2658; x_wconf 87' lang='lat' dir='ltr'>incertae</span> <span class='ocrx_word' id='word_1_190' title='bbox 858 2589 1035 2658; x_wconf 87' lang='lat' dir='ltr'>sollicitudo</span> <span class='ocrx_word' id='word_1_191' title='bbox 1059 2589 1238 2667; x_wconf 83' lang='lat' dir='ltr'>discruciat,</span> 
     </span>
     <span class='ocr_line' id='line_1_23' title="bbox 99 2690 1241 2777; baseline -0.003 -18"><span class='ocrx_word' id='word_1_192' title='bbox 99 2712 137 2759; x_wconf 89' lang='lat' dir='ltr'>ne</span> <span class='ocrx_word' id='word_1_193' title='bbox 149 2690 272 2775; x_wconf 82' lang='lat' dir='ltr'>praedo</span> <span class='ocrx_word' id='word_1_194' title='bbox 284 2692 404 2772; x_wconf 82' lang='lat' dir='ltr'>castet,</span> <span class='ocrx_word' id='word_1_195' title='bbox 418 2711 457 2758; x_wconf 89' lang='lat' dir='ltr'>nc</span> <span class='ocrx_word' id='word_1_196' title='bbox 470 2710 631 2777; x_wconf 88' lang='lat' dir='ltr'>percussor</span> <span class='ocrx_word' id='word_1_197' title='bbox 643 2693 780 2774; x_wconf 82' lang='lat' dir='ltr'>infestet,</span> <span class='ocrx_word' id='word_1_198' title='bbox 796 2714 835 2761; x_wconf 91' lang='lat' dir='ltr'>ns</span> <span class='ocrx_word' id='word_1_199' title='bbox 849 2694 977 2761; x_wconf 87' lang='lat' dir='ltr'>inimica</span> <span class='ocrx_word' id='word_1_200' title='bbox 991 2692 1138 2776; x_wconf 89' lang='lat' dir='ltr'>cuiusque</span> <span class='ocrx_word' id='word_1_201' title='bbox 1152 2693 1241 2758; x_wconf 92' lang='lat' dir='ltr'>locu-</span> 
     </span>
     <span class='ocr_line' id='line_1_24' title="bbox 100 2784 1241 2881; baseline -0.001 -19"><span class='ocrx_word' id='word_1_202' title='bbox 100 2784 247 2880; x_wconf 87' lang='lat' dir='ltr'>pletioris</span> <span class='ocrx_word' id='word_1_203' title='bbox 267 2795 389 2862; x_wconf 83' lang='lat' dir='ltr'>inuidia</span> <span class='ocrx_word' id='word_1_204' title='bbox 409 2797 608 2863; x_wconf 90' lang='lat' dir='ltr'>calumniosis</span> <span class='ocrx_word' id='word_1_205' title='bbox 630 2797 740 2864; x_wconf 90' lang='lat' dir='ltr'>litibus</span> <span class='ocrx_word' id='word_1_206' title='bbox 766 2798 925 2881; x_wconf 89' lang='lat' dir='ltr'>inquietet.</span> <span class='ocrx_word' id='word_1_207' title='bbox 948 2815 1009 2863; x_wconf 89' lang='lat' dir='ltr'>non</span> <span class='ocrx_word' id='word_1_208' title='bbox 1030 2796 1117 2862; x_wconf 89' lang='lat' dir='ltr'>cibus</span> <span class='ocrx_word' id='word_1_209' title='bbox 1132 2814 1241 2861; x_wconf 90' lang='lat' dir='ltr'>securo</span> 
     </span>
     <span class='ocr_line' id='line_1_25' title="bbox 101 2898 1241 2984; baseline 0 -19"><span class='ocrx_word' id='word_1_210' title='bbox 101 2917 273 2965; x_wconf 88' lang='lat' dir='ltr'>somnusue</span> <span class='ocrx_word' id='word_1_211' title='bbox 286 2898 448 2983; x_wconf 74' lang='lat' dir='ltr'>wnbngit,</span> <span class='ocrx_word' id='word_1_212' title='bbox 464 2900 600 2982; x_wconf 88' lang='lat' dir='ltr'>suspirat</span> <span class='ocrx_word' id='word_1_213' title='bbox 621 2899 676 2965; x_wconf 91' lang='lat' dir='ltr'>ille</span> <span class='ocrx_word' id='word_1_214' title='bbox 689 2901 724 2966; x_wconf 91' lang='lat' dir='ltr'>in</span> <span class='ocrx_word' id='word_1_215' title='bbox 738 2902 896 2980; x_wconf 68' lang='lat' dir='ltr'>minino,</span> <span class='ocrx_word' id='word_1_216' title='bbox 911 2901 1001 2967; x_wconf 89' lang='lat' dir='ltr'>bibat</span> <span class='ocrx_word' id='word_1_217' title='bbox 1015 2900 1090 2966; x_wconf 87' lang='lat' dir='ltr'>licet</span> <span class='ocrx_word' id='word_1_218' title='bbox 1104 2917 1241 2984; x_wconf 78' lang='lat' dir='ltr'>gemma,</span> 
     </span>
     <span class='ocr_line' id='line_1_26' title="bbox 73 3000 1242 3085; baseline 0.006 -23"><span class='ocrx_word' id='word_1_219' title='bbox 73 3004 133 3068; x_wconf 78' lang='lat' dir='ltr'>set</span> <span class='ocrx_word' id='word_1_220' title='bbox 146 3022 223 3069; x_wconf 89' lang='lat' dir='ltr'>cnm</span> <span class='ocrx_word' id='word_1_221' title='bbox 238 3000 340 3085; x_wconf 86' lang='lat' dir='ltr'>epulis</span> <span class='ocrx_word' id='word_1_222' title='bbox 359 3000 534 3068; x_wconf 74' lang='lat' dir='ltr'>nereum</span> <span class='ocrx_word' id='word_1_223' title='bbox 554 3020 664 3085; x_wconf 90' lang='lat' dir='ltr'>corpus</span> <span class='ocrx_word' id='word_1_224' title='bbox 677 3006 765 3070; x_wconf 89' lang='lat' dir='ltr'>torus</span> <span class='ocrx_word' id='word_1_225' title='bbox 780 3005 905 3071; x_wconf 89' lang='lat' dir='ltr'>mollior</span> <span class='ocrx_word' id='word_1_226' title='bbox 918 3005 984 3071; x_wconf 88' lang='lat' dir='ltr'>alto</span> <span class='ocrx_word' id='word_1_227' title='bbox 998 3004 1068 3069; x_wconf 91' lang='lat' dir='ltr'>sinu</span> <span class='ocrx_word' id='word_1_228' title='bbox 1090 3004 1242 3081; x_wconf 62' lang='lat' dir='ltr'>antidit,</span> 
     </span>
     <span class='ocr_line' id='line_1_27' title="bbox 101 3104 1242 3191; baseline 0.004 -22"><span class='ocrx_word' id='word_1_229' title='bbox 101 3106 220 3191; x_wconf 79' lang='lat' dir='ltr'>uigilet</span> <span class='ocrx_word' id='word_1_230' title='bbox 234 3106 269 3171; x_wconf 89' lang='lat' dir='ltr'>in</span> <span class='ocrx_word' id='word_1_231' title='bbox 280 3105 391 3187; x_wconf 89' lang='lat' dir='ltr'>pluma</span> <span class='ocrx_word' id='word_1_232' title='bbox 403 3124 459 3171; x_wconf 90' lang='lat' dir='ltr'>nso</span> <span class='ocrx_word' id='word_1_233' title='bbox 472 3104 631 3190; x_wconf 80' lang='lat' dir='ltr'>intellegit</span> <span class='ocrx_word' id='word_1_234' title='bbox 641 3106 752 3186; x_wconf 89' lang='lat' dir='ltr'>miser,</span> <span class='ocrx_word' id='word_1_235' title='bbox 769 3108 905 3190; x_wconf 83' lang='lat' dir='ltr'>speciosa</span> <span class='ocrx_word' id='word_1_236' title='bbox 918 3106 980 3172; x_wconf 89' lang='lat' dir='ltr'>sibi</span> <span class='ocrx_word' id='word_1_237' title='bbox 995 3124 1062 3173; x_wconf 90' lang='lat' dir='ltr'>esse</span> <span class='ocrx_word' id='word_1_238' title='bbox 1076 3106 1242 3190; x_wconf 80' lang='lat' dir='ltr'>supplicia,</span> 
     </span>
     <span class='ocr_line' id='line_1_28' title="bbox 101 3206 1242 3297; baseline -0.001 -22"><span class='ocrx_word' id='word_1_239' title='bbox 101 3226 177 3275; x_wconf 84' lang='lat' dir='ltr'>auro</span> <span class='ocrx_word' id='word_1_240' title='bbox 191 3226 228 3275; x_wconf 88' lang='lat' dir='ltr'>ee</span> <span class='ocrx_word' id='word_1_241' title='bbox 241 3208 409 3293; x_wconf 66' lang='lat' dir='ltr'>allgem</span> <span class='ocrx_word' id='word_1_242' title='bbox 421 3208 520 3275; x_wconf 72' lang='lat' dir='ltr'>tenen</span> <span class='ocrx_word' id='word_1_243' title='bbox 541 3210 574 3275; x_wconf 94' lang='lat' dir='ltr'>et</span> <span class='ocrx_word' id='word_1_244' title='bbox 594 3209 744 3293; x_wconf 86' lang='lat' dir='ltr'>possideri</span> <span class='ocrx_word' id='word_1_245' title='bbox 766 3209 878 3295; x_wconf 83' lang='lat' dir='ltr'>magis,</span> <span class='ocrx_word' id='word_1_246' title='bbox 894 3229 987 3294; x_wconf 84' lang='lat' dir='ltr'>quam</span> <span class='ocrx_word' id='word_1_247' title='bbox 1008 3209 1163 3294; x_wconf 88' lang='lat' dir='ltr'>possidere</span> <span class='ocrx_word' id='word_1_248' title='bbox 1179 3206 1242 3297; x_wconf 83' lang='lat' dir='ltr'>[di-</span> 
     </span>
    </p>
   </div>
   <div class='ocr_carea' id='block_1_4' title="bbox 13 3409 1244 4429">
    <p class='ocr_par' dir='ltr' id='par_1_4' title="bbox 13 3409 1244 4429">
     <span class='ocr_line' id='line_1_29' title="bbox 152 3409 1241 3483; baseline -0.001 -14"><span class='ocrx_word' id='word_1_249' title='bbox 152 3409 468 3481; x_wconf 68' lang='lat' dir='ltr'>lamisionem</span> <span class='ocrx_word' id='word_1_250' title='bbox 519 3411 817 3482; x_wconf 69' lang='lat' dir='ltr'>icpotarcsestb&#39;lt&#39;,</span> <span class='ocrx_word' id='word_1_251' title='bbox 836 3414 947 3483; x_wconf 89' lang='lat' dir='ltr'>epotata</span> <span class='ocrx_word' id='word_1_252' title='bbox 964 3414 1128 3479; x_wconf 62' lang='lat' dir='ltr'>rosestPn</span> <span class='ocrx_word' id='word_1_253' title='bbox 1147 3415 1241 3483; x_wconf 74' lang='lat' dir='ltr'>epota·</span> 
     </span>
     <span class='ocr_line' id='line_1_30' title="bbox 101 3496 1190 3569; baseline 0.001 -17"><span class='ocrx_word' id='word_1_254' title='bbox 101 3497 230 3553; x_wconf 72' lang='lat' dir='ltr'>miscel</span> <span class='ocrx_word' id='word_1_255' title='bbox 247 3498 386 3567; x_wconf 83' lang='lat' dir='ltr'>epotatura</span> <span class='ocrx_word' id='word_1_256' title='bbox 397 3499 469 3553; x_wconf 87' lang='lat' dir='ltr'>esto</span> <span class='ocrx_word' id='word_1_257' title='bbox 533 3496 636 3567; x_wconf 73' lang='lat' dir='ltr'>liquot</span> <span class='ocrx_word' id='word_1_258' title='bbox 647 3498 737 3564; x_wconf 78' lang='lat' dir='ltr'>PW‘,</span> <span class='ocrx_word' id='word_1_259' title='bbox 756 3498 827 3568; x_wconf 87' lang='lat' dir='ltr'>quod</span> <span class='ocrx_word' id='word_1_260' title='bbox 850 3498 919 3554; x_wconf 77' lang='lat' dir='ltr'>SW¹</span> <span class='ocrx_word' id='word_1_261' title='bbox 976 3499 1094 3569; x_wconf 88' lang='lat' dir='ltr'>stipatus</span> <span class='ocrx_word' id='word_1_262' title='bbox 1106 3514 1154 3554; x_wconf 76' lang='lat' dir='ltr'>om.</span> <span class='ocrx_word' id='word_1_263' title='bbox 1172 3516 1190 3553; x_wconf 85' lang='lat' dir='ltr'>r</span> 
     </span>
     <span class='ocr_line' id='line_1_31' title="bbox 101 3582 1242 3655; baseline 0.002 -18"><span class='ocrx_word' id='word_1_264' title='bbox 101 3582 427 3652; x_wconf 55' lang='lat' dir='ltr'>amanuncus</span> <span class='ocrx_word' id='word_1_265' title='bbox 440 3584 473 3637; x_wconf 90' lang='lat' dir='ltr'>cl.</span> <span class='ocrx_word' id='word_1_266' title='bbox 486 3585 576 3639; x_wconf 87' lang='lat' dir='ltr'>cuneis</span> <span class='ocrx_word' id='word_1_267' title='bbox 587 3584 689 3639; x_wconf 67' lang='lat' dir='ltr'>motois</span> <span class='ocrx_word' id='word_1_268' title='bbox 699 3584 873 3655; x_wconf 75' lang='lat' dir='ltr'>Kmbinper,</span> <span class='ocrx_word' id='word_1_269' title='bbox 901 3586 1004 3652; x_wconf 74' lang='lat' dir='ltr'>confert</span> <span class='ocrx_word' id='word_1_270' title='bbox 1024 3600 1080 3639; x_wconf 79' lang='lat' dir='ltr'>noo</span> <span class='ocrx_word' id='word_1_271' title='bbox 1099 3590 1169 3639; x_wconf 80' lang='lat' dir='ltr'>roste</span> <span class='ocrx_word' id='word_1_272' title='bbox 1181 3586 1242 3654; x_wconf 65' lang='grc' dir='ltr'>μῦ</span> 
     </span>
     <span class='ocr_line' id='line_1_32' title="bbox 100 3667 1189 3740; baseline 0 -15"><span class='ocrx_word' id='word_1_273' title='bbox 100 3668 184 3737; x_wconf 70' lang='grc' dir='ltr'><strong>ἰ16)</strong></span> <span class='ocrx_word' id='word_1_274' title='bbox 247 3668 426 3723; x_wconf 67' lang='lat' dir='ltr'>abutentium</span> <span class='ocrx_word' id='word_1_275' title='bbox 437 3668 576 3723; x_wconf 62' lang='lat' dir='ltr'>nasso</span> <span class='ocrx_word' id='word_1_276' title='bbox 638 3667 677 3726; x_wconf 90' lang='lat'>10</span> <span class='ocrx_word' id='word_1_277' title='bbox 692 3685 790 3740; x_wconf 84' lang='lat' dir='ltr'>auceps</span> <span class='ocrx_word' id='word_1_278' title='bbox 807 3670 877 3735; x_wconf 85' lang='lat' dir='ltr'>WP,</span> <span class='ocrx_word' id='word_1_279' title='bbox 896 3685 1001 3739; x_wconf 90' lang='lat' dir='ltr'>amcepe</span> <span class='ocrx_word' id='word_1_280' title='bbox 1013 3669 1046 3735; x_wconf 78' lang='lat' dir='ltr'>S,</span> <span class='ocrx_word' id='word_1_281' title='bbox 1065 3685 1189 3740; x_wconf 83' lang='lat' dir='ltr'>ancepsr</span> 
     </span>
     <span class='ocr_line' id='line_1_33' title="bbox 101 3752 1193 3823; baseline 0.004 -16"><span class='ocrx_word' id='word_1_282' title='bbox 101 3753 135 3810; x_wconf 92' lang='lat'>11</span> <span class='ocrx_word' id='word_1_283' title='bbox 155 3752 376 3809; x_wconf 62' lang='lat' dir='ltr'>ulmensis</span> <span class='ocrx_word' id='word_1_284' title='bbox 424 3754 461 3811; x_wconf 76' lang='lat'>18</span> <span class='ocrx_word' id='word_1_285' title='bbox 477 3756 558 3823; x_wconf 81' lang='lat' dir='ltr'>atquc</span> <span class='ocrx_word' id='word_1_286' title='bbox 575 3754 634 3808; x_wconf 86' lang='lat' dir='ltr'>WP</span> <span class='ocrx_word' id='word_1_287' title='bbox 692 3754 890 3814; x_wconf 69' lang='lat' dir='ltr'>loborantis</span> <span class='ocrx_word' id='word_1_288' title='bbox 914 3756 947 3810; x_wconf 70' lang='grc' dir='ltr'>δ’·</span> <span class='ocrx_word' id='word_1_289' title='bbox 998 3755 1038 3813; x_wconf 79' lang='lat'>20</span> <span class='ocrx_word' id='word_1_290' title='bbox 1055 3756 1193 3811; x_wconf 82' lang='lat' dir='ltr'>estrucsS</span> 
     </span>
     <span class='ocr_line' id='line_1_34' title="bbox 101 3826 1244 3912; baseline 0 -15"><span class='ocrx_word' id='word_1_291' title='bbox 101 3838 141 3897; x_wconf 79' lang='lat'>23</span> <span class='ocrx_word' id='word_1_292' title='bbox 157 3854 299 3894; x_wconf 83' lang='lat' dir='ltr'>sseurnsc</span> <span class='ocrx_word' id='word_1_293' title='bbox 343 3839 385 3897; x_wconf 74' lang='lat'>24</span> <span class='ocrx_word' id='word_1_294' title='bbox 400 3840 518 3910; x_wconf 65' lang='lat' dir='ltr'>contiffl&#39;t</span> <span class='ocrx_word' id='word_1_295' title='bbox 534 3840 582 3895; x_wconf 83' lang='lat' dir='ltr'>W·</span> <span class='ocrx_word' id='word_1_296' title='bbox 638 3840 754 3910; x_wconf 82' lang='lat' dir='ltr'>gamma]</span> <span class='ocrx_word' id='word_1_297' title='bbox 767 3856 885 3910; x_wconf 82' lang='lat' dir='ltr'>gemmas</span> <span class='ocrx_word' id='word_1_298' title='bbox 897 3840 1050 3912; x_wconf 61' lang='lat' dir='ltr'>Ripnltim</span> <span class='ocrx_word' id='word_1_299' title='bbox 1060 3826 1121 3909; x_wconf 76' lang='lat' dir='ltr'>cfr.</span> <span class='ocrx_word' id='word_1_300' title='bbox 1136 3842 1244 3912; x_wconf 63' lang='lat' dir='ltr'>Versae·</span> 
     </span>
     <span class='ocr_line' id='line_1_35' title="bbox 13 3923 1240 3995; baseline 0.002 -16"><span class='ocrx_word' id='word_1_301' title='bbox 13 3967 14 3988; x_wconf 20' lang='lat' dir='ltr'>p</span> <span class='ocrx_word' id='word_1_302' title='bbox 106 3923 205 3995; x_wconf 63' lang='grc' dir='ltr'><strong><em>θεας.</em></strong></span> <span class='ocrx_word' id='word_1_303' title='bbox 219 3926 263 3980; x_wconf 86' lang='grc' dir='ltr'><em>Π</em></span> <span class='ocrx_word' id='word_1_304' title='bbox 276 3928 352 3979; x_wconf 77' lang='lat'><em>506:</em></span> <span class='ocrx_word' id='word_1_305' title='bbox 368 3927 402 3979; x_wconf 89' lang='lat' dir='ltr'>ut</span> <span class='ocrx_word' id='word_1_306' title='bbox 422 3940 530 3995; x_wconf 75' lang='lat' dir='ltr'>gemme</span> <span class='ocrx_word' id='word_1_307' title='bbox 550 3924 756 3983; x_wconf 81' lang='lat' dir='ltr'>bibatetPls&#39;n.</span> <span class='ocrx_word' id='word_1_308' title='bbox 769 3928 832 3981; x_wconf 58' lang='lat' dir='ltr'>tna</span> <span class='ocrx_word' id='word_1_309' title='bbox 846 3924 1029 3981; x_wconf 74' lang='lat' dir='ltr'>xxms</span> <span class='ocrx_word' id='word_1_310' title='bbox 1094 3926 1133 3987; x_wconf 80' lang='lat'>25</span> <span class='ocrx_word' id='word_1_311' title='bbox 1151 3926 1240 3981; x_wconf 84' lang='lat' dir='ltr'>eondi-</span> 
     </span>
     <span class='ocr_line' id='line_1_36' title="bbox 13 4001 1242 4082; baseline 0.002 -17"><span class='ocrx_word' id='word_1_312' title='bbox 13 4001 14 4014; x_wconf 69' lang='grc'>’</span> <span class='ocrx_word' id='word_1_313' title='bbox 102 4008 200 4066; x_wconf 73' lang='lat' dir='ltr'>terito</span> <span class='ocrx_word' id='word_1_314' title='bbox 263 4010 304 4069; x_wconf 77' lang='grc'>26</span> <span class='ocrx_word' id='word_1_315' title='bbox 320 4011 438 4081; x_wconf 86' lang='lat' dir='ltr'>suplicia</span> <span class='ocrx_word' id='word_1_316' title='bbox 450 4012 483 4077; x_wconf 78' lang='lat'>8,</span> <span class='ocrx_word' id='word_1_317' title='bbox 512 4011 644 4082; x_wconf 87' lang='lat' dir='ltr'>subplitis</span> <span class='ocrx_word' id='word_1_318' title='bbox 665 4013 694 4067; x_wconf 93' lang='lat' dir='ltr'><strong><em>P</em></strong></span> <span class='ocrx_word' id='word_1_319' title='bbox 755 4011 796 4069; x_wconf 81' lang='lat'>27</span> <span class='ocrx_word' id='word_1_320' title='bbox 815 4012 943 4067; x_wconf 72' lang='lat' dir='ltr'>scens</span> <span class='ocrx_word' id='word_1_321' title='bbox 1002 4011 1135 4082; x_wconf 85' lang='lat' dir='ltr'>possidere</span> <span class='ocrx_word' id='word_1_322' title='bbox 1152 4013 1242 4082; x_wconf 68' lang='lat' dir='ltr'>magis</span> 
     </span>
     <span class='ocr_line' id='line_1_37' title="bbox 13 4098 1241 4168; baseline 0.002 -16"><span class='ocrx_word' id='word_1_323' title='bbox 13 4161 14 4164; x_wconf 7' lang='grc' dir='ltr'><strong>Ἰ</strong></span> <span class='ocrx_word' id='word_1_324' title='bbox 104 4098 328 4168; x_wconf 71' lang='lat' dir='ltr'>ompoeciueri</span> <span class='ocrx_word' id='word_1_325' title='bbox 338 4098 453 4153; x_wconf 70' lang='lat' dir='ltr'>diuitias</span> <span class='ocrx_word' id='word_1_326' title='bbox 465 4101 533 4153; x_wconf 73' lang='lat' dir='ltr'>cossi</span> <span class='ocrx_word' id='word_1_327' title='bbox 552 4099 713 4154; x_wconf 67' lang='lat' dir='ltr'>Gronovius</span> <span class='ocrx_word' id='word_1_328' title='bbox 732 4100 750 4154; x_wconf 80' lang='lat'>1.</span> <span class='ocrx_word' id='word_1_329' title='bbox 763 4118 783 4153; x_wconf 68' lang='lat' dir='ltr'>c</span> <span class='ocrx_word' id='word_1_330' title='bbox 793 4116 825 4168; x_wconf 80' lang='lat' dir='ltr'>p.</span> <span class='ocrx_word' id='word_1_331' title='bbox 837 4102 896 4153; x_wconf 74' lang='lat'>264</span> <span class='ocrx_word' id='word_1_332' title='bbox 959 4099 1072 4154; x_wconf 73' lang='lat' dir='ltr'>diuitias</span> <span class='ocrx_word' id='word_1_333' title='bbox 1085 4099 1181 4164; x_wconf 80' lang='lat' dir='ltr'><strong><em>SWP,</em></strong></span> <span class='ocrx_word' id='word_1_334' title='bbox 1199 4099 1241 4154; x_wconf 85' lang='lat' dir='ltr'>di·</span> 
     </span>
     <span class='ocr_line' id='line_1_38' title="bbox 13 4169 1242 4258; baseline 0.002 -21"><span class='ocrx_word' id='word_1_335' title='bbox 13 4169 14 4258; x_wconf 71' lang='lat' dir='ltr'>l</span> <span class='ocrx_word' id='word_1_336' title='bbox 105 4182 1075 4253; x_wconf 55' lang='lat' dir='ltr'>usrmtqasopessmssnsposmzasosfrfflse.1.1X.sperasn-</span> <span class='ocrx_word' id='word_1_337' title='bbox 1093 4185 1242 4241; x_wconf 61' lang='lat' dir='ltr'>ernnust</span> 
     </span>
     <span class='ocr_line' id='line_1_39' title="bbox 106 4266 1241 4340; baseline 0.002 -16"><span class='ocrx_word' id='word_1_338' title='bbox 106 4266 225 4324; x_wconf 74' lang='lat' dir='ltr'>bonne·</span> <span class='ocrx_word' id='word_1_339' title='bbox 248 4268 366 4323; x_wconf 77' lang='lat' dir='ltr'>bsbendi</span> <span class='ocrx_word' id='word_1_340' title='bbox 391 4267 500 4339; x_wconf 82' lang='lat' dir='ltr'>cupido,</span> <span class='ocrx_word' id='word_1_341' title='bbox 530 4272 563 4323; x_wconf 88' lang='lat' dir='ltr'>ut</span> <span class='ocrx_word' id='word_1_342' title='bbox 581 4269 713 4339; x_wconf 85' lang='lat' dir='ltr'>possideri</span> <span class='ocrx_word' id='word_1_343' title='bbox 729 4270 818 4339; x_wconf 80' lang='lat' dir='ltr'>magis</span> <span class='ocrx_word' id='word_1_344' title='bbox 835 4286 917 4340; x_wconf 81' lang='lat' dir='ltr'>quana</span> <span class='ocrx_word' id='word_1_345' title='bbox 940 4270 1075 4339; x_wconf 65' lang='lat' dir='ltr'>mssidsro</span> <span class='ocrx_word' id='word_1_346' title='bbox 1096 4270 1241 4326; x_wconf 70' lang='lat' dir='ltr'>uidoentur</span> 
     </span>
     <span class='ocr_line' id='line_1_40' title="bbox 13 4354 1187 4429; baseline 0.001 -18"><span class='ocrx_word' id='word_1_347' title='bbox 13 4413 14 4418; x_wconf 63' lang='grc'>,</span> <span class='ocrx_word' id='word_1_348' title='bbox 113 4354 191 4425; x_wconf 73' lang='lat' dir='ltr'>(lm.</span> <span class='ocrx_word' id='word_1_349' title='bbox 214 4354 252 4411; x_wconf 76' lang='lat' dir='ltr'>dc</span> <span class='ocrx_word' id='word_1_350' title='bbox 270 4354 359 4424; x_wconf 77' lang='lat' dir='ltr'>lapsis</span> <span class='ocrx_word' id='word_1_351' title='bbox 379 4370 404 4411; x_wconf 86' lang='lat' dir='ltr'>c.</span> <span class='ocrx_word' id='word_1_352' title='bbox 415 4358 466 4410; x_wconf 78' lang='lat'>12.-</span> <span class='ocrx_word' id='word_1_353' title='bbox 484 4354 623 4425; x_wconf 84' lang='lat' dir='ltr'>possidere</span> <span class='ocrx_word' id='word_1_354' title='bbox 640 4372 669 4410; x_wconf 87' lang='lat' dir='ltr'>sc</span> <span class='ocrx_word' id='word_1_355' title='bbox 689 4354 802 4411; x_wconf 67' lang='lat' dir='ltr'>uadunt</span> <span class='ocrx_word' id='word_1_356' title='bbox 825 4356 872 4425; x_wconf 90' lang='lat' dir='ltr'>qui</span> <span class='ocrx_word' id='word_1_357' title='bbox 889 4356 981 4426; x_wconf 87' lang='lat' dir='ltr'>potina</span> <span class='ocrx_word' id='word_1_358' title='bbox 1007 4356 1187 4429; x_wconf 68' lang='lat' dir='ltr'>poculentur)</span> 
     </span>
    </p>
   </div>
   <div class='ocr_carea' id='block_1_5' title="bbox 0 0 1533 4967">
    <p class='ocr_par' dir='ltr' id='par_1_5' title="bbox 0 0 1533 4967">
     <span class='ocr_line' id='line_1_41' title="bbox 0 0 1533 4967; baseline 0 0"><span class='ocrx_word' id='word_1_359' title='bbox 0 0 1533 4967; x_wconf 95' lang='lat' dir='ltr'> </span> 
     </span>
    </p>
   </div>
  </div>
 </body>
</html>
