3025 4967
368 404 441 451 Lxx

367 540 552 605 temnendae
572 540 605 604 et
627 542 764 605 extrema
788 538 889 603 libelli
911 556 981 621 pars
1003 538 1038 602 in
1059 538 1241 603 recentiores
1267 537 1385 603 codices
1406 536 1497 624 (πμ)

368 651 527 729 uenerunt,
547 668 642 732 quare
660 650 705 714 eis
719 649 868 715 maiorem
882 649 1100 720 auctoritatem
1114 649 1219 715 iubeo
1233 650 1378 732 opusculo
1393 669 1496 732 quem

368 760 1497 848 inreliquislibellisepistulisue(ci.p.XLVII)tribuendamesseputaui.

734 1070 879 1189 Caput
909 1070 1131 1191 quartum.

282 1280 347 1386 tes.
411 1322 459 1387 De
481 1320 676 1398 editionibus,
702 1320 845 1405 quamuis
864 1322 897 1387 in
919 1322 992 1387 crisi
1016 1322 1134 1387 nullius
1156 1320 1220 1385 fere
1241 1320 1305 1385 sint
1326 1320 1497 1401 momenti,

370 1433 462 1516 paule
484 1433 657 1499 accuratius
678 1432 832 1517 agendum
847 1433 903 1515 est,
927 1433 999 1514 quia
1013 1433 1046 1497 et
1060 1431 1284 1497 uetustioribus
1303 1432 1497 1497 recentiores

370 1544 503 1610 editores
528 1545 608 1610 mira
633 1544 851 1628 superstitione
876 1544 1016 1609 addictos
1038 1543 1144 1609 inueni
1166 1543 1198 1608 et
1218 1562 1431 1625 quaecumque
1456 1542 1497 1607 de

370 1655 415 1722 eis
436 1659 600 1722 narrantur
620 1658 765 1722 maximis
786 1656 938 1723 erroribus
959 1658 1033 1722 sunt
1051 1654 1180 1721 referta:
1202 1653 1312 1720 deiude
1326 1654 1370 1721 sic
1384 1656 1497 1719 textus

369 1767 540 1847 historiam,
563 1788 657 1852 quam
677 1770 734 1835 bac
754 1770 962 1853 deputatione
985 1768 1056 1834 iude
1071 1788 1090 1833 a
1106 1768 1231 1847 saeculo
1246 1767 1316 1848 post
1331 1764 1495 1831 Christum

370 1882 456 1945 sexto
471 1883 622 1962 quantum
636 1881 704 1947 fieri
718 1882 822 1963 potuit
836 1881 1003 1966 diligenter
1016 1880 1231 1963 repetiuimus,
1247 1896 1343 1960 usque
1357 1878 1391 1943 in
1408 1878 1497 1944 bunc

207 2012 286 2054 rutro
299 2013 359 2066 prrs-
371 1990 454 2056 diem
468 1993 610 2075 persequi
627 1993 743 2057 licebit.
760 1994 853 2075 atque
866 1994 967 2075 prima
982 1992 1078 2058 editio
1093 1993 1209 2076 prodiit
1223 1992 1339 2057 Romae
1354 2010 1381 2056 a.
1396 1991 1497 2070 1471,

212 2080 349 2136 eepsllemn

240 2160 262 2193 a.
276 2152 335 2191 14⁷1.

349 2094 460 2169 ‘cuius
476 2103 509 2169 iu
524 2105 607 2169 calce
621 2104 768 2188 leguntur
782 2103 873 2169 baec:

523 2232 633 2299 Aspicis
644 2232 759 2286 illm
771 2232 854 2286 lector
866 2233 993 2301 quiceetq.
1008 2232 1110 2287 tubelloe
1223 2232 1230 2251 “

522 2326 555 2380 Si
566 2328 644 2395 cupis
656 2327 795 2392 artificem
807 2328 920 2381 minino
931 2344 1023 2382 meae:
1035 2328 1099 2397 ἶφι.

521 2422 630 2490 Aspera
641 2422 744 2477 ridebis
755 2424 917 2501 cognomina
932 2424 1068 2492 Teutone:
1081 2422 1178 2487 fereae

521 2517 634 2586 Mitipet
646 2533 693 2570 ore
703 2518 788 2570 meeis
799 2518 888 2571 inscio
900 2517 984 2571 uerbo
996 2517 1094 2571 uirum.

525 2593 648 2666 &aare
661 2610 857 2681 Seeeynbeym:
873 2610 1016 2665 Arnoldue
1026 2591 1170 2679 plenariae.
1183 2610 1306 2679 moptetri

520 2704 603 2758 Rome
614 2706 810 2773 impresserunt
821 2704 891 2759 talia
901 2705 989 2759 multa
1000 2704 1087 2758 cmc.

522 2800 623 2853 Petrae
635 2816 696 2854 cum
706 2800 798 2865 fratre
808 2799 959 2854 Franeieee
970 2800 1114 2854 Maximus
1126 2798 1202 2853 ambe

521 2892 598 2947 Huic
610 2896 687 2962 operi
697 2899 820 2963 aptatam
832 2896 1005 2949 conensem
1016 2894 1124 2949 domum

789 2990 837 3043 M.
852 2989 953 3045 0000.
968 2988 1076 3043 LXXL

374 3110 496 3175 curauit
510 3128 584 3176 uero
598 3111 678 3177 banc
693 3111 859 3178 editionem
875 3112 1004 3177 Ioannes
1018 3111 1158 3175 Andreas
1173 3110 1332 3192 epiecopus
1347 3106 1497 3173 Alerieu·

369 3221 423 3299 sis,
439 3240 474 3286 ea
487 3222 574 3288 cuius
583 3222 732 3304 Epistola
742 3223 786 3286 od
793 3221 935 3286 Paulum
948 3224 1001 3286 ·ΙΙ·
1022 3221 1169 3286 Venetam
1180 3218 1259 3285 Pon.
1270 3218 1362 3282 Mace.
1375 3222 1496 3304 scripta

369 3333 444 3399 haee
463 3334 565 3416 plaoet
585 3333 706 3400 adferre
726 3333 838 3416 quibus
859 3352 920 3415 qua
939 3333 1059 3399 ratione
1073 3332 1220 3399 instituta
1234 3331 1277 3395 sit
1292 3330 1496 3395 edoceamur:

369 3443 422 3510 bec
449 3450 526 3511 certe
553 3450 695 3527 tempore,
723 3445 883 3528 episcopus
912 3444 1031 3523 scribit,
1061 3443 1192 3509 sedenti
1212 3442 1293 3507 mibi
1315 3443 1352 3507 iet
1372 3424 1495 3507 {menso

369 3556 498 3622 Nicolai
520 3557 558 3622 de
572 3557 661 3639 Lyra
685 3577 779 3637 super
803 3557 917 3620 aderis
937 3560 965 3621 et
986 3556 1063 3620 noui
1089 3556 1263 3620 testamenti
1284 3555 1327 3620 ad
1350 3554 1495 3618 litteram

346 3672 353 3687 ‘
366 3667 562 3751 plosaenete:
576 3668 614 3731 ab
628 3667 833 3747 impssoribecs
852 3668 968 3731 cestris
987 3669 1043 3749 qut
1067 3667 1158 3731 bibite
1172 3668 1266 3732 libres
1280 3653 1495 3748 informante.-

368 3783 491 3858 repente
510 3778 703 3860 efflopitotus
722 3797 794 3842 seem
807 3782 843 3842 ut
857 3780 1009 3860 quereiam
1027 3783 1118 3843 certe
1132 3780 1235 3843 maior
1249 3777 1323 3843 illos
1335 3777 1495 3859 deiceret:

368 3908 408 3953 ne
426 3888 550 3971 officim
570 3908 675 3953 eoram
696 3893 865 3955 uocarent:
890 3890 971 3971 quod
993 3909 1159 3971 nunquam
1178 3890 1216 3971 pit
1236 3890 1348 3969 obsqw
1368 3887 1494 3971 tepenti

368 4000 451 4064 ortis
464 4000 645 4081 depende:
659 4000 787 4082 aliquid
800 4001 935 4066 minoris
949 4001 1124 4065 uoluminis
1134 4020 1212 4083 epus
1223 4001 1291 4065 telis
1301 4000 1494 4065 commodum

351 4110 552 4191 ⁴expedirem.
568 4110 632 4176 Res
642 4112 715 4178 uiso
725 4112 808 4176 mete·
821 4116 881 4178 cst:
896 4096 1063 4193 ceparum
1074 4111 1276 4194 difficultatis
1286 4116 1314 4177 et
1325 4111 1494 4193 aliquanto

368 4222 472 4304 macie
496 4222 633 4303 pectorati
658 4224 825 4289 babitare:
853 4229 889 4289 ot
909 4243 1040 4306 propere
1065 4230 1094 4290 et
1119 4228 1197 4290 reete
1217 4244 1340 4306 possem
1365 4220 1494 4304 aliquid

365 4332 488 4413 fecere:
517 4336 649 4416 paratis
677 4355 796 4417 semper
823 4334 1010 4417 qubusdam
1037 4336 1081 4401 ed
1109 4336 1208 4400 nimis
1236 4340 1340 4400 macte
1370 4319 1493 4400 iudicer·
