3025 4967
300 395 363 460 822
694 387 842 445 Caecilii
865 386 1029 456 Cypriani

299 548 345 613 sio
368 565 482 632 magua
503 549 535 612 et
549 545 696 611 caelestia
722 543 868 609 ecelesiae
893 561 1024 607 munera
1048 541 1213 606 haereticis
1236 540 1433 605 eonueditet

299 650 421 734 tribuit,
442 650 518 732 quid
538 647 625 714 alind
646 665 739 730 quam
754 645 964 710 oommuuioat
978 644 1024 709 eis
1037 643 1152 726 quihus
1164 645 1292 708 hntum
1306 644 1430 728 gratiae

299 753 437 819 defendit
460 771 496 817 ae
517 751 679 816 uindicat?
704 750 735 814 et
756 749 875 813 frustra
897 748 961 812 iam
985 746 1111 812 dubitat
1124 748 1159 811 in
1172 748 1285 811 epuns
1306 763 1433 828 quoque

299 852 836 937 mmenumenetparueepsese,
858 849 1432 916 utetaimuloumeiseonumiatet

299 959 452 1024 orationes
478 956 595 1039 pariter
620 974 692 1020 eum
715 953 833 1020 eisdem
855 953 986 1019 mismt
1006 953 1040 1018 et
1060 952 1161 1018 uitam
1179 970 1217 1017 ae
1237 951 1455 1017 mincium»

300 1077 461 1126 oommnue
476 1061 656 1126 constituat.
761 1110 765 1117 .

250 1173 289 1238 18
342 1163 401 1232 Sed
423 1163 456 1228 in
476 1161 624 1238 multum,
650 1160 763 1242 iuquit,
789 1158 912 1242 profioit
936 1176 1050 1224 nomen
1069 1156 1188 1223 Christi
1211 1157 1252 1223 ad
1276 1157 1377 1222 tidem
1399 1161 1433 1222 et

299 1265 449 1350 baptismi
463 1263 747 1346 sanctificationem,
763 1265 801 1326 ut
814 1262 1002 1344 qnioumqne
1015 1263 1050 1326 et
1059 1260 1248 1343 ubicumque
1259 1261 1293 1326 in
1302 1260 1433 1325 nomine

300 1366 416 1433 Christi
445 1367 620 1449 baptizatus
646 1363 741 1430 fuerit
766 1365 971 1446 eonseqnatur
995 1364 1107 1429 statim
1131 1365 1268 1447 gratiam
1292 1362 1431 1428 Christi:
1503 1444 1504 1447 Ἴ

300 1473 421 1556 quando
442 1471 517 1536 huie
536 1470 603 1535 loeo
624 1468 763 1534 breuiter
783 1468 903 1532 securri
923 1469 1076 1551 pensitet
1094 1466 1158 1531 ‹iioi
1179 1468 1327 1550 qnoniam
1347 1467 1377 1530 si
1398 1467 1466 1530 inne

300 1575 424 1641 nomine
438 1573 556 1640 Christi
578 1572 681 1638 ualuit
703 1571 780 1636 foria
801 1571 960 1654 baptisma
980 1571 1021 1636 ad
1036 1570 1197 1636 hominem
1218 1570 1430 1655 purgandum,

302 1679 335 1743 in
353 1677 491 1744 eiusdem
505 1676 621 1741 Christi
643 1673 769 1740 nemine
784 1674 890 1740 ualere
903 1673 973 1738 illio
986 1675 1092 1756 potuit
1105 1675 1139 1737 et
1152 1693 1265 1738 manus
1279 1674 1431 1754 inpositis

301 1781 340 1846 sei
362 1780 577 1863 accipiendum
603 1778 749 1860 spiritum
775 1785 929 1842 sanetum.
956 1780 989 1841 et
1009 1777 1163 1860 incipient
1184 1778 1287 1841 setena
1307 1795 1432 1859 quoque
1503 1812 1504 1817 κ

301 1903 380 1968 quae
394 1885 476 1966 apud
489 1881 660 1948 haeretieos
674 1883 812 1964 aguntur
824 1881 911 1946 iusta
924 1882 957 1946 et
970 1881 1117 1965 legitima
1130 1881 1242 1959 uideni,
1257 1881 1385 1963 quando
1396 1881 1430 1945 in

300 1986 424 2053 nomine
439 1983 556 2051 Christi
576 1985 733 2069 gerantur,
756 1984 927 2048 seeundum
948 1984 1032 2066 qnod
1050 2001 1108 2049 uos
1120 1985 1155 2049 in
1170 1985 1304 2066 epistola
1323 1986 1462 2048 nestas

301 2091 438 2156 exseeuti
453 2088 528 2155 estis
542 2105 602 2152 non
613 2087 675 2152 nisi
686 2087 720 2151 iu
731 2086 861 2153 ecelesia
875 2087 942 2152 sola
956 2089 1062 2152 ualere
1075 2086 1292 2170 posseGhristi
1306 2105 1431 2166 nomen,

303 2193 354 2260 oui
368 2193 423 2259 uni
438 2191 624 2259 concesserit
638 2189 781 2256 christus
795 2191 939 2256 eoelestis
952 2192 1074 2275 gratiae
1087 2193 1286 2276 potestatem.

254 2311 292 2375 ιο
345 2294 434 2375 Quod
459 2297 566 2362 entem
590 2294 742 2376 pertineat
767 2293 808 2358 nd
829 2293 1083 2360 eonsuetudinem
1107 2293 1310 2359 refutandum
1337 2313 1431 2377 quam

304 2399 471 2465 uideantur
490 2415 641 2482 opponere
661 2396 800 2474 ueritati,
821 2398 892 2479 quia
907 2399 976 2462 tam
990 2417 1090 2462 uanus
1103 2398 1148 2462 sit
1161 2399 1199 2461 ut
1211 2398 1344 2462 ueritati
1357 2415 1429 2463 eon-

304 2503 499 2567 suetudinem
511 2499 665 2583 praeferat
674 2501 730 2564 aut
740 2499 795 2582 qui
806 2501 967 2582 pempseta
977 2501 1046 2565 luoe
1059 2500 1203 2565 ussum
1216 2517 1278 2565 non
1292 2501 1428 2566 derelin-
1436 2520 1462 2558 n

302 2607 402 2688 quat?
429 2603 490 2669 nisi
520 2603 548 2668 si
573 2605 606 2668 et
630 2602 762 2668 Iudaeos
788 2601 912 2669 Christo
941 2604 1130 2669 aduentante
1157 2603 1266 2670 idest
1295 2606 1429 2670 nerimte

302 2707 434 2774 adiuuat
455 2707 488 2772 in
510 2706 614 2788 aliquo
640 2706 858 2788 antiquissima
882 2708 1080 2784 consuetudo,
1106 2707 1188 2790 quod
1213 2707 1327 2772 reliota
1352 2725 1430 2772 nona

302 2811 446 2877 ueritatis
468 2809 522 2876 uia
541 2810 574 2875 in
588 2809 744 2874 uetustate
765 2812 1000 2893 permanserint
1024 2811 1107 2894 quod
1129 2810 1257 2894 quidem
1279 2812 1429 2877 uouemus

303 2913 493 2996 Stephanum
513 2933 569 2980 uos
588 2915 690 2979 disere
705 2913 777 2978 Afri
791 2914 922 2996 potestis
935 2915 1061 2998 cognita
1074 2914 1208 2979 ueritate
1222 2931 1362 2979 errorem
1377 2931 1429 2978 uos

303 3018 533 3084 consuetudinis
553 3018 724 3101 reliquisse.
747 3019 886 3083 ueterum
907 3035 963 3083 nos
977 3017 1107 3084 ueritati
1122 3019 1155 3082 et
1168 3019 1457 3083 eonsuetudiuems

302 3121 462 3206 iungimus
476 3122 508 3187 et
523 3121 738 3188 eonsuetudini
748 3122 956 3188 Romanorum
971 3121 1225 3187 consuetudinem
1240 3123 1295 3186 sed
1309 3122 1428 3186 ueritu-

302 3223 346 3289 tis
360 3225 551 3308 opponimus,
575 3225 614 3290 ab
629 3225 720 3290 initio
740 3226 801 3290 hoo
820 3227 960 3290 tenentes
981 3225 1063 3308 quod
1077 3243 1097 3289 a
1110 3223 1234 3290 Christo
1253 3226 1286 3290 et
1299 3225 1341 3289 ab
1356 3241 1428 3307 apo·

302 3327 391 3392 stolis
416 3329 569 3393 traditum
594 3329 651 3393 est.
681 3347 737 3394 neo
763 3329 964 3394 meminimus
990 3328 1050 3393 hoe
1074 3328 1157 3410 apud
1181 3346 1237 3393 nos
1262 3328 1428 3410 aliquando

302 3431 447 3515 coepisse,
469 3449 541 3497 enm
561 3449 683 3514 semper
703 3432 748 3496 sie
768 3432 842 3496 istie
857 3431 1057 3496 obseruatum
1072 3431 1117 3496 sit
1129 3432 1167 3496 ut
1181 3447 1243 3496 uon
1256 3431 1319 3495 nisi
1334 3451 1428 3496 unam

302 3535 360 3601 Dei
384 3534 545 3601 eeclesiam
567 3551 726 3598 nossemus
745 3536 779 3598 et
793 3535 936 3600 mustum
957 3534 1115 3616 baptisma
1136 3550 1198 3598 non
1219 3532 1281 3598 uisi
1304 3536 1458 3598 mnetses

303 3638 448 3706 eeclesiae
484 3639 730 3720 conputaremus.
774 3638 868 3722 plane
902 3638 1049 3720 quoniam
1085 3637 1212 3720 quidam
1248 3636 1287 3701 de
1324 3653 1429 3701 eorum

353 3861 466 3932 sanus]
479 3860 551 3915 snus
564 3829 692 3940 agrees
740 3858 840 3928 quibus
851 3876 903 3914 oe.
916 3859 1036 3927 nmo.
1053 3858 1089 3927 o)
1179 3858 1401 3928 sparsepoen

302 3947 460 4018 9gratiaQ
545 3947 577 4000 11
590 3945 694 4000 orisM
704 3947 781 4012 (foris
794 3945 829 4016 Q)
912 3945 946 4000 13
957 3945 1098 4015 incipient]
1110 3944 1156 3998 uel
1167 3944 1301 4014 incipiant
1314 3944 1336 3999 1
1342 3946 1395 3999 at

304 4033 337 4086 14
349 4047 416 4100 quae
428 4047 478 4087 om.
491 4031 602 4103 EQ¹M
753 4032 787 4086 16
798 4047 893 4085 nomen
905 4031 1031 4086 christis
1185 4032 1219 4086 18
1229 4032 1348 4099 pertinet
1361 4030 1396 4086 Io

303 4116 471 4172 refutandam
488 4118 540 4185 Eo,
561 4117 737 4187 reputandum
757 4116 796 4187 Q‚·
815 4117 851 4183 ef.
865 4134 897 4186 p.
913 4119 1018 4185 820,17
1172 4117 1206 4171 lo
1223 4116 1348 4171 uidentur
1361 4117 1394 4171 Io

302 4203 336 4257 21
348 4203 474 4273 ueritate]
489 4203 612 4258 ueniente
624 4202 727 4273 odae
874 4201 1089 4272 wudiuuaute
1236 4203 1429 4272 nouaJnonM

303 4293 384 4358 (noua
397 4289 430 4361 Q)
533 4289 567 4344 29
580 4289 617 4344 sie
629 4303 678 4344 ona
693 4288 756 4344 Ele
