3025 4967
297 399 343 453 De
362 399 557 455 catholicae
576 398 742 453 eeclesiae
761 399 900 453 unitate
920 414 941 453 c.
961 398 1042 457 3-5.
1179 398 1243 463 213

103 556 168 620 tem
183 554 417 634 manifestaret,
434 555 564 621 unitatis
581 555 721 620 eiusdem
736 554 891 638 originem
907 553 945 619 ab
963 570 1023 619 uno
1038 552 1242 635 incipientem
1289 596 1291 603 -

103 677 157 723 sna
168 658 356 723 auctoritate
369 658 532 740 disposuit.
557 657 615 724 hoo
630 658 719 723 erant
733 658 842 740 utique
856 659 889 723 et
903 656 1000 723 ueteri
1014 656 1149 741 apostoli
1161 656 1242 738 quod

103 760 164 826 fuit
179 760 312 840 Petrus,
336 762 403 845 pari
419 760 570 826 eonsortio
586 760 720 844 praediti
732 761 764 826 et
779 760 903 827 honoris
927 762 959 827 et
980 760 1163 843 potestatis,
1188 760 1240 825 sed

104 864 264 930 exordium
280 866 319 930 ab
335 864 456 929 unitate
479 862 698 947 proficiscitur,
719 865 757 928 ut
780 863 909 929 ecelesia
930 862 1047 929 Christi
1070 882 1131 928 una
1152 881 1241 928 mou·

74 984 86 1021 ³
104 968 231 1031 erretur.
254 986 350 1050 quam
370 986 465 1032 unam
480 966 641 1032 eeclesiam
656 966 753 1031 etiam
774 966 807 1031 in
830 964 949 1032 cantion
964 966 1155 1033 cantieorum
1170 965 1240 1048 Spi-

104 1070 183 1134 ritus
198 1072 327 1136 sanetus
342 1089 379 1136 er
394 1086 523 1153 persone
537 1068 664 1133 Domini
679 1068 824 1154 designat
839 1070 870 1133 et
886 1068 979 1135 dicit:
1009 1088 1080 1134 una
1102 1071 1162 1134 est
1184 1086 1240 1134 oo·

104 1170 355 1252 lumbamea,
377 1173 555 1256 perfecta
570 1190 665 1250 mea,
689 1190 761 1237 una
777 1172 835 1237 est
850 1172 972 1236 matri
987 1188 1091 1249 snae,
1114 1172 1240 1237 eleots

105 1276 309 1359 genetrici
331 1295 432 1342 suae.
465 1275 545 1341 huno
566 1275 712 1341 eeclesiae
738 1276 891 1341 unitatem
915 1276 969 1359 qui
996 1294 1057 1341 non
1083 1276 1170 1341 tenet
1192 1280 1239 1341 te-

104 1396 174 1460 nere
189 1398 225 1443 se
240 1378 335 1445 fidem
350 1379 473 1445 eredit?
495 1378 549 1462 qui
565 1380 711 1444 eeclesiae
735 1378 883 1444 renititur
898 1381 929 1445 et
944 1378 1065 1445 resistit
1085 1380 1121 1444 in
1144 1379 1241 1444 eeele·

76 1500 97 1537 ιο
107 1480 151 1544 sia
165 1500 199 1546 se
216 1500 283 1546 esse
298 1481 448 1547 contidit?
470 1482 593 1564 quando
608 1483 640 1547 et
654 1482 764 1547 beatus
780 1483 936 1565 apostolus
951 1482 1068 1547 Paulus
1083 1482 1141 1546 hoo
1155 1482 1240 1547 idem

106 1569 215 1651 doeeat'
227 1588 260 1652 et
275 1587 505 1652 sacramentnm
519 1586 650 1651 unitatis
665 1587 808 1651 ostendat
823 1586 942 1652 dicens:
966 1604 1082 1650 unum
1098 1602 1239 1668 eorpus

106 1690 144 1753 et
164 1710 267 1756 unus
290 1688 473 1771 spiritus,
495 1707 572 1754 uua
593 1707 679 1770 spes
701 1688 928 1755 uenationis
944 1689 1119 1766 uestrae,
1142 1706 1239 1753 unns

106 1792 311 1872 Dominus,
334 1812 408 1859 una
430 1792 547 1872 fides,
570 1812 688 1858 unum
710 1792 925 1874 baptisma,
948 1810 1043 1857 unus
1066 1791 1175 1856 Deus.

148 1892 253 1973 Quam
267 1898 421 1963 unitatem
437 1896 541 1962 tenere
555 1896 688 1961 firmiter
704 1899 736 1961 et
751 1896 909 1961 uindienre
931 1896 1087 1973 debemus,
1103 1893 1267 1964 maximos

77 1998 243 2082 uepiseopi
273 2000 327 2083 qui
354 2001 387 2065 in
413 2001 541 2067 ecelesia
566 1999 797 2083 praesidemus,
821 2000 857 2065 ut
882 1998 1093 2082 episrnpetum
1119 2012 1239 2079 quoque

109 2101 212 2183 ipsum
239 2122 337 2168 unum
366 2103 465 2186 adque
490 2102 663 2169 indiuisnm
689 2102 862 2185 probemus.
895 2119 985 2168 nemo
1011 2100 1238 2167 fraternitatem

110 2205 269 2270 mendacio
295 2205 402 2284 fallat,
433 2224 523 2271 nemo
549 2206 643 2272 fidem
668 2205 810 2271 ueritatis
836 2204 952 2289 perfida
977 2204 1237 2288 praeuaricatione

207 2394 226 2447 6
246 2391 323 2449 Cant
336 2394 361 2457 6,
374 2393 400 2447 8.
454 2394 486 2447 11
503 2392 571 2462 Epis
584 2393 609 2457 4,
621 2392 639 2446 4
651 2407 690 2462 sq.

150 2563 370 2619 lmanifestetR
413 2562 725 2627 unitatissn'oofflv,
734 2579 815 2617 unum
825 2561 980 2616 cathedram
989 2563 1131 2617 constituit
1141 2566 1169 2617 et
1179 2563 1238 2617 nni·

106 2650 172 2702 tatis
178 2649 333 2703 Manutius
403 2648 494 2704 eiusR
553 2648 586 2702 ab
596 2666 649 2703 nno
659 2648 842 2718 incipientem]
849 2650 929 2717 etque
942 2648 1074 2719 originem
1084 2648 1238 2703 reserent:

104 2736 190 2803 gultio
236 2734 388 2788 intonuit
431 2734 587 2789 esuriero
627 2734 844 2804 4profleiscitur]
854 2732 918 2788 add.
929 2750 945 2789 o
952 2734 1238 2803 postMunntinmin·

107 2822 172 2874 ndis
180 2820 204 2875 S
208 2818 314 2875 WGM
316 2820 381 2875 VR:
399 2822 429 2873 et
447 2822 580 2889 primatus
591 2820 673 2875 Petro
683 2819 776 2884 detur,
801 2821 834 2873 ut
852 2834 905 2873 uns
917 2819 1019 2875 christi
1031 2820 1143 2874 ecclesie
1155 2824 1183 2874 et
1194 2836 1236 2874 oe-

108 2904 199 2960 thedrs
207 2922 264 2959 unu
276 2908 447 2961 monstretur.
460 2908 617 2975 etpostores
626 2908 691 2961 eunt
700 2922 799 2969 omnes,
811 2904 858 2961 sed
866 2922 932 2975 grex
940 2922 1010 2959 nnus
1018 2905 1176 2971 ostenditur,
1189 2907 1238 2975 qui

107 2990 279 3061 abspostolis
288 2991 413 3045 omnibns
424 2991 545 3047 unanimi
556 2992 727 3047 eonsensione
739 2993 872 3062 pascatur.
885 2992 1003 3047 adnotat
1012 2993 1060 3045 nir
1069 2992 1174 3061 doetus,
1191 2995 1238 3049 eni

108 3078 250 3131 nuriuntee
262 3077 392 3131 lectiones
403 3078 435 3131 in
447 3078 599 3146 enernplon'
615 3076 808 3147 Goettingenai
819 3076 961 3131 debemus:
974 3073 1051 3132 ‘isaer
1067 3079 1153 3132 nerto
1170 3084 1237 3133 sunt

107 3162 200 3217 additu
214 3178 250 3217 ex
265 3178 324 3217 nno
336 3163 427 3217 codiee
438 3180 575 3218 manerent.
599 3163 703 3217 Viroee's'
719 3164 787 3231 (siet
804 3162 853 3217 sed
872 3169 1034 3232 correptum
1052 3180 1086 3217 en
1102 3163 1234 3227 Vnnesir

108 3251 160 3315 snit
176 3251 252 3304 enim
269 3250 317 3304 rite
334 3250 402 3305 ister
417 3250 543 3305 Viuneeii
560 3249 594 3305 de
611 3252 771 3320 Attenuatis
776 3270 786 3319 ;
805 3251 843 3317 ef.
857 3250 954 3305 Latin.
967 3250 1026 3304 eor.
1040 3266 1108 3305 ruer.
1125 3268 1154 3320 p.
1170 3255 1235 3318 179)

50 3339 54 3347 '
110 3335 299 3399 Romamn,
312 3337 362 3405 qni
373 3338 456 3391 estin
467 3337 625 3392 trtliotdeeu
635 3338 781 3401 Vaticana,
796 3352 815 3391 n
826 3336 860 3390 P.
877 3336 1005 3391 Gabriele
1011 3338 1235 3404 poenitentiario

109 3423 292 3478 mutiens
307 3423 436 3492 magrino
452 3424 528 3477 euers·
543 3423 649 3491 potitii
654 3424 669 3475 ⁸.
687 3424 738 3478 true
748 3420 971 3477 udddomentnn
982 3420 1109 3490 defendit
1125 3438 1235 3493 anony-

109 3524 163 3563 m
172 3509 206 3562 in
216 3508 310 3563 toene
320 3509 456 3576 imfflpto
468 3510 549 3563 lettre
564 3509 635 3563 d'nn
650 3515 765 3576 nannet
782 3509 852 3563 d'A.
872 3524 947 3577 pone
959 3508 1090 3563 reclames
1110 3526 1152 3563 nn
1169 3524 1235 3577 pae-

108 3595 329 3663 eupeinportunt
340 3594 375 3647 de
387 3594 428 3647 St.
445 3594 579 3664 Cyrenen·
593 3594 742 3650 thoiree
759 3593 793 3648 de
806 3594 942 3649 Trevonn.
958 3596 1032 3649 172⁶
1047 3610 1076 3663 p.
1090 3598 1162 3649 1877
1178 3610 1216 3663 aq.
1224 3614 1234 3662 ,·

107 3681 142 3744 ef.
150 3686 243 3733 tomen
252 3680 431 3749 tdeolope’sete
442 3680 662 3749 Qrmrtuteeteift
673 3684 746 3736 1823
761 3697 791 3748 p.
803 3682 856 3735 510
875 3696 912 3749 eg.
984 3682 1016 3734 ut
1024 3681 1050 3735 R
1058 3696 1079 3735 e.
1092 3682 1108 3734 l.
1123 3684 1184 3736 net

109 3763 206 3818 Christi
218 3780 268 3821 orn
286 3766 313 3820 V
396 3766 578 3821 mostratur&
661 3766 779 3821 betium
801 3765 886 3821 oneri
969 3767 986 3820 6
1004 3766 1130 3836 designat
1146 3767 1183 3836 et]
1202 3766 1235 3821 de

109 3850 215 3904 eeclesia
232 3850 257 3905 θ
316 3850 427 3907 dientS
493 3852 510 3905 7
528 3853 615 3907 eleeto
626 3855 668 3906 est
679 3852 726 3917 Μ,
745 3852 833 3906 omri
900 3853 918 3907 8
936 3852 1091 3922 genitricis
1159 3854 1235 3907 tenet

110 3950 154 3989 orn
167 3936 195 3992 B
263 3938 283 3995 9
300 3938 418 4009 resistit]
431 3938 495 3993 add.
509 3956 532 3995 e.
543 3945 607 4007 poet
619 3940 789 3995 Pometinnr:
809 3940 855 4008 qui
872 3938 1026 3995 osthedram
1038 3938 1126 4003 Petri,
1155 3955 1234 4009 super

108 4036 185 4089 quum
195 4024 284 4091 (quern
297 4024 572 4093 maenomenon
582 4027 623 4079 est
634 4024 758 4089 eoelesia,
770 4024 871 4079 deserit
924 4025 959 4082 12
976 4042 1059 4079 unum
1071 4009 1133 4098 spii
1141 4026 1182 4081 12¹

110 4109 337 4179 dunnelmensis
352 4109 380 4165 θ
459 4110 492 4165 14
508 4110 623 4165 firmiter
633 4113 752 4166 teneres
832 4110 865 4166 15
882 4112 1019 4166 eeclesiam
1036 4112 1073 4167 (Ρ
1143 4114 1175 4169 16
1193 4115 1234 4169 in-

111 4191 193 4247 nisum
206 4194 280 4250 ΨΜ
281 4200 288 4231 ¹
348 4194 382 4249 17
399 4194 480 4250 tidem
490 4196 616 4250 ueritatis
630 4196 663 4260 S,
676 4195 740 4250 fldei
751 4196 897 4251 ueritatem
910 4197 1058 4255 westou
1122 4200 1231 4271 perfida]

110 4278 230 4344 perfidiae
244 4281 281 4347 V,
299 4297 348 4351 per
359 4280 422 4335 fidei
435 4280 473 4335 Μ
520 4281 777 4351 praeuaricationem
790 4283 827 4339 M
