3025 4967
275 387 339 454 812
673 388 823 444 Caecilii
840 389 1002 460 Cypriani

274 540 399 622 copulat
422 562 493 608 suos
514 545 640 610 uinculo
659 545 800 610 unitatis.
822 546 905 611 uude
918 547 953 610 in
966 545 1144 610 uniumsam
1162 548 1276 611 terram
1296 547 1418 610 exiuit

270 661 363 708 sonus
390 661 495 710 eorum
515 647 569 728 qui
584 666 603 711 a
617 647 749 713 Domino
769 647 861 712 missi
880 649 955 713 suut
974 648 1105 713 unitatis
1119 649 1232 730 spiritu
1246 649 1415 714 uelociter

273 749 446 812 mucules:
473 749 555 814 siout
578 769 594 814 e
616 749 769 816 contario
794 750 874 815 nihil
898 750 1024 832 prodest
1048 751 1169 833 aliquos
1189 751 1341 834 proximos
1371 754 1418 816 et

276 849 396 918 iunctos
411 851 471 918 sibi
483 869 548 918 osse
559 853 747 936 corporibus,
762 852 789 916 si
802 853 907 918 auimo
917 855 951 918 et
961 855 1064 919 mente
1078 853 1257 930 dissideant,
1271 853 1413 936 quando

272 953 403 1020 adunari
425 956 546 1020 animae
566 955 691 1020 omuino
710 975 772 1021 nou
791 957 913 1038 possint
926 975 1005 1038 quae
1018 975 1052 1021 se
1065 975 1086 1022 a
1099 957 1158 1021 Ilei
1173 957 1291 1022 unitate
1305 957 1438 1021 diui-s

270 1057 376 1122 serint.
401 1076 498 1132 ‚ecoe
526 1059 641 1134 enim,
674 1059 788 1141 inquit,
820 1059 888 1141 qui
914 1059 1176 1143 longinquant
1202 1077 1241 1122 se
1266 1059 1333 1124 abs
1360 1063 1415 1124 te

271 1160 468 1242 peribunt.
493 1162 547 1226 sed
568 1163 647 1226 talos
667 1161 821 1227 iudicium
834 1162 963 1226 Domini
977 1179 1033 1244 pro
1047 1161 1160 1227 merite
1174 1179 1228 1226 suo
1242 1161 1410 1227 subibunt

272 1263 446 1329 recedentes
460 1283 480 1330 a
495 1263 598 1330 uerbis
624 1265 691 1330 eius
717 1265 772 1346 qui
796 1267 920 1347 patrem
940 1281 995 1346 pro
1017 1265 1140 1331 unitate
1160 1265 1338 1347 deprecatur
1370 1267 1414 1329 et

272 1365 365 1431 dicit:
394 1369 518 1448 pater,
547 1366 593 1431 da
614 1370 656 1432 ut
678 1366 864 1450 quomodo
891 1385 959 1452 ego
980 1369 1020 1431 et
1040 1370 1082 1432 tu
1104 1387 1220 1433 uuum
1247 1387 1411 1446 sumus,

273 1469 331 1534 sic
353 1471 392 1534 et
412 1467 452 1534 hi
473 1469 512 1535 in
534 1470 645 1535 uobis
666 1471 756 1535 siut.
1427 1499 1457 1536 ιο

243 1575 263 1636 l
317 1571 381 1637 Nos
404 1591 477 1639 uero
499 1591 535 1638 ea
556 1593 634 1656 quae
655 1573 779 1639 euobis
802 1573 920 1656 scripta
941 1575 1015 1640 suut
1036 1574 1124 1656 quasi
1145 1575 1250 1639 nostm
1269 1573 1411 1656 propria

278 1675 469 1757 suscepimus
477 1676 757 1742 necintrausoursu
767 1677 912 1762 legimus,
924 1677 1080 1760 sedsaepe
1090 1678 1222 1758 repetita
1231 1676 1413 1740 memoriae

277 1777 509 1844 mandauimus:
525 1797 623 1860 neque
637 1779 725 1844 obest
740 1779 876 1844 utilitati
889 1779 1021 1844 salutari
1031 1781 1088 1844 aut
1098 1779 1202 1844 οιιάοιιι
1214 1780 1346 1844 retexero
1358 1779 1411 1842 ad

275 1880 514 1946 confirmandam
536 1883 699 1947 oculatum
717 1883 774 1948 aut
787 1885 820 1947 et
834 1883 986 1965 quaedam
1000 1882 1112 1948 addere
1125 1882 1165 1946 ad
1179 1881 1409 1948 cumulandam

274 1983 496 2066 probationem.
521 1985 548 2049 si
563 1985 639 2066 quid
661 1988 768 2050 autem
782 1985 903 2050 anobis
923 1985 1067 2051 additum
1081 1985 1186 2063 fuerit,
1205 2003 1264 2050 non
1278 1984 1324 2049 sic
1337 1985 1408 2049 ad·
1422 2011 1452 2051 ιι

275 2087 361 2152 ditur
375 2085 463 2168 quasi
478 2086 596 2152 anobis
611 2086 732 2169 aliquid
747 2089 852 2153 minus
866 2088 988 2154 dictum
1002 2089 1056 2167 sit,
1071 2089 1125 2153 sed
1139 2088 1281 2169 quoniam
1294 2105 1410 2153 sermo

275 2187 401 2254 diuinus
426 2187 596 2254 humanam
620 2192 766 2256 naturam
787 2191 1020 2276 supergreditur
1040 2210 1096 2256 uec
1117 2192 1220 2272 potest
1240 2190 1341 2254 totum
1366 2193 1409 2255 et

275 2291 447 2374 perlectum
468 2292 572 2356 anima
593 2292 762 2376 concipere,
784 2293 900 2359 idcirco
920 2295 954 2358 et
967 2295 1074 2358 tantus
1094 2296 1143 2359 est
1162 2312 1305 2358 numurus
1324 2309 1409 2373 pro·

279 2394 443 2476 pictarum
458 2396 494 2459 ut
509 2394 674 2478 multiplex
689 2398 722 2461 et
736 2396 844 2462 diuina
864 2397 1017 2478 sapientia
1031 2397 1215 2478 permultos
1229 2395 1409 2460 distribua-

277 2497 338 2562 tur.
362 2497 443 2562 uude
458 2497 489 2562 ot
503 2499 604 2562 tacere
628 2499 817 2582 praecipitur
838 2499 940 2582 primo
959 2500 993 2564 in
1013 2499 1173 2583 prophetia
1193 2498 1340 2581 loquenti,
1368 2501 1448 2565 siae

276 2600 410 2666 sooundo
432 2599 527 2666 luerit
548 2602 731 2668 reuelatum.
756 2622 818 2685 qua
832 2621 869 2668 ex
884 2622 975 2669 causa
996 2604 1165 2668 necessario
1185 2604 1267 2685 apud
1286 2621 1341 2667 nos
1361 2601 1407 2666 lit

264 2704 313 2778 ,ut
333 2721 387 2785 per
407 2703 546 2788 singulos
567 2723 661 2770 anuos
682 2707 816 2770 seniores
836 2708 867 2771 et
887 2706 1056 2789 praepositi
1070 2707 1103 2771 in
1117 2725 1214 2770 uuum
1236 2705 1407 2771 conuenia-

275 2825 346 2872 mus
367 2807 406 2872 ad
427 2807 616 2888 disponenda
630 2826 759 2891 eaquae
778 2827 868 2874 curae
888 2812 1012 2874 nostrae
1031 2809 1197 2874 commissa
1216 2810 1298 2884 suut,
1320 2809 1357 2870 ut
1373 2807 1406 2870 si

276 2927 337 2992 qua
360 2910 503 2993 grauiora
525 2911 597 2976 suut
619 2911 776 2976 communi
799 2911 927 2977 consilio
950 2913 1135 2995 dirigantur,
1161 2911 1258 2994 lapsis
1279 2926 1407 2991 quoque

275 3012 425 3078 iratribus
451 3014 578 3095 etpost
607 3015 765 3079 lauacrum
794 3014 930 3079 salutare
952 3034 971 3078 a
992 3013 1115 3079 diabolo
1144 3013 1314 3079 uulneratis
1340 3029 1435 3094 peras

275 3114 499 3198 paenitentiam
521 3115 655 3182 medella
675 3119 851 3199 quaeratur,
871 3136 932 3182 uon
946 3115 1036 3198 quasi
1051 3135 1070 3180 a
1083 3115 1172 3180 uobis
1187 3114 1404 3180 remissionem

276 3220 472 3301 peccatorum
493 3223 725 3302 cousequantur,
747 3220 803 3285 sad
824 3221 860 3285 ut
879 3237 1007 3302 paruos
1028 3219 1068 3284 ad
1083 3218 1331 3302 intellegentiam
1345 3217 1406 3282 de-

275 3320 422 3386 lictorum
451 3339 577 3388 suorum
605 3323 825 3388 conuertantur
853 3325 885 3389 et
910 3323 1044 3388 Domino
1072 3322 1194 3405 plenius
1224 3319 1405 3386 satisfacere

276 3425 434 3508 cogantur.

246 3533 264 3594 t
320 3525 471 3606 Quoniam
501 3546 574 3592 uero
602 3528 724 3613 legatus
751 3529 811 3594 isto
837 3547 855 3593 a
880 3529 969 3594 uobis
993 3529 1109 3594 missus
1133 3527 1255 3614 regredi
1280 3527 1320 3592 ad
1348 3545 1444 3592 uosao

276 3629 444 3696 festinabat
460 3633 491 3696 et
504 3630 668 3696 hibernum
688 3633 812 3713 tempus
832 3631 994 3715 urguebat,
1016 3630 1167 3714 quantum
1188 3629 1348 3714 potuimus
1363 3629 1406 3694 ad

380 3850 459 3906 61²⁸.
479 3851 522 3915 la,
539 3851 580 3904 al.
651 3853 724 3908 910.
744 3853 785 3918 17,
804 3854 846 3908 21.

330 4039 345 4091 1
358 4037 498 4107 oopulatus
516 4055 563 4096 uos
576 4042 612 4095 Μ
624 4041 741 4109 (copulat
760 4057 820 4096 suos
834 4043 867 4112 Q)
1022 4041 1086 4096 2ad
1103 4024 1167 4096 drTm
1180 4043 1216 4097 111
1226 4042 1254 4110 (a
1266 4024 1327 4095 d'ffo‘
1335 4039 1370 4109 Q)

276 4125 437 4179 Sanitatem
454 4127 477 4197 Q
585 4127 645 4180 iltu
657 4127 688 4182 E
695 4143 715 4181 s
728 4127 745 4181 l.
858 4128 892 4181 10
903 4127 968 4196 siut]
980 4143 1063 4181 unum
1075 4128 1132 4180 sint
1144 4127 1180 4182 Io
1284 4127 1319 4180 13
1329 4141 1405 4179 mau-

277 4211 372 4266 damus
385 4213 435 4266 EI
530 4214 564 4267 18
576 4213 665 4266 auimo
678 4213 715 4266 Μ
725 4212 826 4278 (anima
839 4213 873 4282 Q)
966 4213 1000 4266 19
1011 4215 1040 4266 et
1050 4228 1130 4266 om
1222 4211 1258 4266 20
1268 4211 1405 4280 loquenti·

277 4299 303 4352 si
315 4299 350 4362 E,
361 4297 497 4368 loquentis
511 4298 535 4368 Q
637 4298 671 4352 26
685 4298 789 4353 medela
800 4299 864 4354 Ele
966 4299 1001 4352 21
1014 4297 1047 4353 ad
1060 4298 1092 4352 E
1098 4315 1120 4353 a.
1133 4298 1152 4352 1.
1164 4315 1198 4352 ιιι.
1211 4301 1232 4352 2
