3025 4967
268 386 333 453 656
668 382 815 442 Caecilii
832 381 996 451 Cypriani

273 542 394 623 saepius
410 538 583 605 admoneri:
605 539 643 603 de
657 540 745 603 cuius
759 557 817 621 ope
830 545 863 603 et
877 540 994 622 pietate
1008 540 1063 621 qni
1078 540 1111 604 in
1125 559 1200 605 eum
1214 538 1402 605 confidimus

270 662 433 727 possumus
456 662 522 707 esse
547 644 656 719 securi,
679 642 752 725 qnia
775 643 829 724 qui
849 644 883 707 in
902 662 978 725 paee
998 643 1158 708 militibus
1176 643 1244 707 suis
1258 642 1399 707 totunm

269 746 466 830 praenuntiat
483 766 618 829 pugnam
630 746 718 809 dabit
729 746 942 811 militantibus
950 747 982 811 in
995 748 1211 830 congressione
1224 748 1400 812 uictoriam

269 857 413 935 optamus
427 852 469 918 te.
485 850 581 914 frater
595 851 764 917 carissime.
779 870 901 933 semper
915 851 991 915 bene
1006 853 1122 915 ualere.

523 1138 890 1250 EPISTVLA
936 1138 1147 1249 LVIII.
1412 1214 1425 1250 2

445 1343 643 1397 CYPRIANI'S
661 1344 769 1398 PLEBI
787 1344 939 1399 rffisssnl
956 1342 1191 1397 cossrsrnm
1208 1344 1235 1398 S.

247 1526 261 1587 Ι
320 1514 536 1597 Cogitaueram
560 1516 695 1596 eumdem,
718 1515 831 1581 fratres
852 1516 1060 1598 dilectissimi,
1082 1518 1176 1598 atque
1197 1518 1230 1581 in
1245 1517 1331 1583 uotis
1344 1517 1403 1580 ba·

277 1618 399 1695 bebam,
420 1618 446 1680 si
470 1636 572 1682 rernm
595 1620 674 1683 ratio
692 1638 727 1682 ae
745 1620 896 1702 temporIs
912 1619 1050 1683 condicio
1068 1620 1275 1702 permitteret,
1292 1639 1405 1685 seeun-

275 1724 351 1788 dum
375 1720 457 1805 quod
477 1720 653 1803 frequenter
672 1723 881 1805 desiderastis,
905 1723 971 1805 ipse
985 1722 1025 1785 ad
1039 1740 1096 1787 nos
1110 1723 1226 1800 uenire,
1248 1726 1283 1787 et
1303 1741 1405 1804 quan-

274 1826 474 1907 tulacumque
490 1825 703 1889 mediberitato
718 1826 940 1891 exhortationis
954 1826 1077 1889 nostrae
1092 1842 1237 1906 praesens
1251 1824 1319 1889 iln'c
1333 1824 1400 1889 fra-
1411 1850 1436 1886 u

274 1928 455 1993 ternItatem
477 1928 677 1992 oorroborare.
702 1928 755 1993 sed
779 1930 923 2010 quoniam
945 1931 991 1992 sie
1012 1926 1104 1992 rebus
1126 1928 1333 2012 urguentibus
1346 1926 1405 1992 de·

275 2034 413 2097 tinemut
426 2032 463 2094 nt
477 2030 568 2113 longe
584 2028 676 2094 istinc
690 2049 848 2096 excurrere
863 2033 895 2095 et
910 2031 964 2095 din
977 2050 995 2093 a
1006 2030 1096 2114 plebe
1111 2031 1162 2095 eui
1176 2030 1215 2094 de
1229 2031 1340 2095 diuina
1352 2030 1406 2095 in·

277 2136 439 2219 dulgentia
460 2153 642 2217 praesumus
664 2134 772 2198 abesse
786 2152 845 2200 non
861 2134 953 2198 detur
966 2134 1110 2211 facultas,
1132 2134 1188 2199 bas
1202 2134 1333 2198 iuterim
1347 2151 1405 2217 pro

276 2258 327 2305 me
348 2238 387 2303 ad
409 2254 464 2301 uos
486 2236 618 2301 uicarias
644 2236 767 2301 litteras
793 2237 876 2301 misi.
905 2256 979 2301 narn
1001 2256 1073 2301 enm
1093 2236 1221 2302 Domini
1245 2237 1405 2301 instruon-

274 2342 318 2408 tis
339 2338 519 2425 dignatione
542 2340 726 2425 instigemur
747 2340 869 2421 saepius
890 2343 923 2405 ot
943 2339 1173 2418 admoneamur,
1201 2340 1242 2403 sd
1262 2341 1439 2404 nostrams

279 2463 398 2529 quoque
426 2443 644 2508 conscientiam
671 2442 893 2508 admonitionis
914 2445 1039 2507 nostras
1060 2442 1306 2507 sollicitudiuem
1327 2460 1402 2524 per-

276 2547 356 2613 ferre
378 2546 534 2611 debemus.
564 2548 642 2611 seire
664 2546 747 2610 enIm
770 2546 892 2611 debetis
913 2548 945 2611 et
966 2566 1021 2628 pro
1043 2549 1127 2611 eerto
1149 2546 1273 2611 eredere
1295 2565 1333 2610 ae
1353 2548 1404 2609 te-

277 2667 349 2715 nere
364 2668 521 2733 pressurae
537 2650 619 2715 diem
635 2669 727 2732 snper
741 2652 836 2733 ceput
849 2669 916 2716 esse
930 2652 1065 2733 eoepisse
1080 2652 1112 2714 et
1127 2668 1270 2715 oceasum
1285 2648 1405 2713 saeeuli

278 2758 371 2837 atque
393 2753 569 2819 antichristi
597 2756 720 2835 tempus
742 2755 1020 2838 adpropinquasse,
1050 2756 1087 2818 nt
1108 2753 1210 2835 parati
1231 2768 1342 2816 omnes
1361 2750 1404 2815 ad

278 2858 430 2941 proelium
453 2859 571 2921 stemus
593 2875 648 2921 nee
676 2858 842 2940 quiequam
863 2858 924 2922 nisi
946 2856 1078 2943 gloriam
1100 2856 1185 2921 uitae
1206 2856 1349 2919 aeternae
1369 2857 1445 2918 etse

279 2979 421 3027 eoronam
443 2958 641 3025 confessionis
663 2960 837 3025 dominicae
858 2960 1048 3044 cogitemus,
1075 2977 1132 3023 nee
1153 2957 1301 3041 putemus
1323 2956 1406 3021 talia

278 3084 344 3131 esse
366 3082 444 3147 qnae
465 3063 596 3129 ueniunt
617 3064 722 3146 qualia
743 3063 871 3129 suerunt
891 3065 949 3130 illa
963 3082 1042 3146 qnae
1055 3063 1253 3127 transierunt.
1277 3059 1407 3146 grauior

331 3254 345 3305 1
359 3250 497 3305 admonere
511 3252 539 3313 C,
551 3248 722 3305 admonemur
733 3268 750 3305 o
807 3265 839 3304 ae
850 3250 954 3319 pietate
966 3251 995 3311 0,
1007 3249 1166 3319 aecipietate
1179 3248 1207 3303 B
1256 3246 1345 3300 tuuis
1357 3286 1364 3297 .
1374 3284 1402 3299 ..

280 3336 464 3393 militantibus
476 3352 526 3389 eru.
538 3335 566 3391 R
662 3336 905 3405 deongxessionem
916 3337 952 3390 Μ
963 3332 1208 3421 (oongressionerj)
1299 3332 1408 3401 dopta-

278 3441 338 3479 mus
351 3464 357 3476 .
368 3462 391 3477 ..
407 3424 495 3477 ualere
508 3438 557 3476 ouo
573 3420 648 3491 OLQ
745 3421 892 3491 cmissIme]
904 3421 1074 3474 sanctissime
1086 3421 1116 3474 in
1127 3418 1180 3474 dno
1191 3419 1226 3475 R.
1239 3448 1272 3459 -
1285 3417 1328 3473 Ad
1340 3416 1408 3472 Cor·

278 3512 378 3565 nelium
400 3510 437 3577 (u
456 3507 541 3577 lapsis
561 3507 625 3562 add.
644 3506 680 3571 F,
704 3508 737 3561 de
757 3507 842 3575 lapsis
864 3506 929 3561 odd
947 3506 982 3571 L,
1007 3505 1126 3574 epistula
1145 3503 1262 3559 munda
1281 3502 1349 3557 aaa.
1370 3501 1407 3572 Q)

278 3591 517 3665 expontanea,
531 3593 649 3663 EprIeIt
661 3590 695 3646 ad
707 3594 861 3647 (bruelium
873 3592 916 3659 (de
927 3592 1013 3662 lapsis
1024 3592 1089 3646 odd
1103 3590 1140 3659 P)
1153 3591 1255 3646 01³,-

331 3680 417 3751 Epist
430 3679 531 3734 LVIII.
544 3708 577 3721 -
589 3679 692 3747 IncipIt
708 3678 742 3733 ad
758 3678 942 3733 tibaritbanos
956 3678 986 3748 Q,
1004 3677 1107 3746 lneipit
1119 3676 1153 3731 ad
1163 3674 1328 3731 tibaritanos
1340 3674 1408 3737 BR,

278 3766 381 3836 InoipIt
393 3765 426 3819 ud
438 3765 633 3819 Thebaritanos
651 3764 835 3831 exhortatoria
844 3764 881 3818 P.
893 3794 927 3803 -
938 3764 956 3817 9
967 3763 1089 3819 uenirem
1101 3762 1128 3818 R
1231 3760 1407 3830 quantulum·

279 3868 391 3921 eumque
406 3850 437 3920 Q,
449 3850 748 3921 quantulamcumquell
851 3848 886 3903 10
897 3848 1108 3904 mediocritatem
1120 3848 1149 3905 R
1234 3848 1267 3901 11
1279 3846 1408 3901 oonrobo-

281 3954 368 3993 rarem
380 3936 437 3991 BR
534 3936 708 4006 uergentibus
721 3936 749 3991 B
853 3936 886 3990 12
897 3950 1062 3989 excurrerem
1073 3934 1101 3991 B
1203 3933 1237 3987 13
1248 3932 1328 3985 datur
1339 3932 1411 3986 M'u

280 4023 368 4091 (detur
380 4022 416 4077 M
423 4020 465 4090 ¹0)
547 4022 581 4076 14
592 4022 626 4076 ad
638 4038 685 4076 uos
696 4038 748 4077 om.
762 4022 790 4076 P
866 4020 997 4075 struentis
1008 4020 1037 4076 B
1113 4021 1147 4074 15
1158 4018 1330 4074 admonemur
1343 4017 1371 4072 R

281 4110 314 4163 16
324 4106 542 4163 sollieitudineP
609 4107 643 4161 18
655 4108 743 4177 coepis
752 4107 780 4163 R
848 4110 877 4160 et
886 4122 936 4161 om.
946 4105 975 4161 B
1042 4106 1078 4161 20
1087 4104 1241 4175 quiequam]
1252 4118 1333 4172 qnam
1343 4102 1371 4159 B

280 4194 381 4265 gloria·
398 4194 466 4265 ΜΟ,
488 4194 589 4263 gloriae
607 4194 642 4259 Β,
663 4194 750 4264 gloria
768 4194 796 4249 R
898 4194 930 4248 21
950 4193 1112 4247 ooneitemus
1129 4192 1158 4247 R
1259 4190 1294 4244 22
1311 4188 1413 4257 quales

282 4273 384 4361 ruerint
396 4306 443 4361 ine
456 4304 484 4361 a
